%YAML 1.1
%TAG !u! tag:unity3d.com,2011:
--- !u!1 &4084942607106122052
GameObject:
  m_ObjectHideFlags: 0
  m_CorrespondingSourceObject: {fileID: 0}
  m_PrefabInstance: {fileID: 0}
  m_PrefabAsset: {fileID: 0}
  serializedVersion: 6
  m_Component:
  - component: {fileID: 3745711777533099006}
  m_Layer: 0
  m_Name: HospitalFurniture3
  m_TagString: Untagged
  m_Icon: {fileID: 0}
  m_NavMeshLayer: 0
  m_StaticEditorFlags: 0
  m_IsActive: 1
--- !u!4 &3745711777533099006
Transform:
  m_ObjectHideFlags: 0
  m_CorrespondingSourceObject: {fileID: 0}
  m_PrefabInstance: {fileID: 0}
  m_PrefabAsset: {fileID: 0}
  m_GameObject: {fileID: 4084942607106122052}
  m_LocalRotation: {x: 0, y: -0, z: -0, w: 1}
  m_LocalPosition: {x: 2.182, y: 1.0178697, z: 4.1906824}
  m_LocalScale: {x: 1, y: 1, z: 1}
  m_ConstrainProportionsScale: 0
  m_Children:
  - {fileID: 7966981645673640577}
  - {fileID: 3745711778517138575}
  - {fileID: 3745711777722909502}
  - {fileID: 3745711778706022411}
  - {fileID: 3745711778477907154}
  - {fileID: 3745711778391700857}
  - {fileID: 3745711777126628097}
  - {fileID: 3745711777649407247}
  - {fileID: 3745711778449788751}
  m_Father: {fileID: 0}
  m_RootOrder: 0
  m_LocalEulerAnglesHint: {x: 0, y: 0, z: 0}
--- !u!1 &4129916185518161566
GameObject:
  m_ObjectHideFlags: 0
  m_CorrespondingSourceObject: {fileID: 0}
  m_PrefabInstance: {fileID: 0}
  m_PrefabAsset: {fileID: 0}
  serializedVersion: 6
  m_Component:
  - component: {fileID: 7966981645673640577}
  - component: {fileID: 1317172784169365628}
  - component: {fileID: 5379875869122214274}
  - component: {fileID: 3779021986041568275}
  m_Layer: 0
  m_Name: polySurface14
  m_TagString: Untagged
  m_Icon: {fileID: 0}
  m_NavMeshLayer: 0
  m_StaticEditorFlags: 0
  m_IsActive: 1
--- !u!4 &7966981645673640577
Transform:
  m_ObjectHideFlags: 0
  m_CorrespondingSourceObject: {fileID: 0}
  m_PrefabInstance: {fileID: 0}
  m_PrefabAsset: {fileID: 0}
  m_GameObject: {fileID: 4129916185518161566}
  m_LocalRotation: {x: 0, y: -0, z: -0, w: 1}
  m_LocalPosition: {x: -0, y: 0, z: 0}
  m_LocalScale: {x: 1, y: 1, z: 1}
  m_ConstrainProportionsScale: 0
  m_Children: []
  m_Father: {fileID: 3745711777533099006}
  m_RootOrder: 0
  m_LocalEulerAnglesHint: {x: 0, y: 0, z: 0}
--- !u!33 &1317172784169365628
MeshFilter:
  m_ObjectHideFlags: 0
  m_CorrespondingSourceObject: {fileID: 0}
  m_PrefabInstance: {fileID: 0}
  m_PrefabAsset: {fileID: 0}
  m_GameObject: {fileID: 4129916185518161566}
  m_Mesh: {fileID: -3914798656235243572, guid: f8c098b5ca43dcc43a7631fae71077b6, type: 3}
--- !u!23 &5379875869122214274
MeshRenderer:
  m_ObjectHideFlags: 0
  m_CorrespondingSourceObject: {fileID: 0}
  m_PrefabInstance: {fileID: 0}
  m_PrefabAsset: {fileID: 0}
  m_GameObject: {fileID: 4129916185518161566}
  m_Enabled: 1
  m_CastShadows: 1
  m_ReceiveShadows: 1
  m_DynamicOccludee: 1
  m_StaticShadowCaster: 0
  m_MotionVectors: 1
  m_LightProbeUsage: 1
  m_ReflectionProbeUsage: 1
  m_RayTracingMode: 2
  m_RayTraceProcedural: 0
  m_RenderingLayerMask: 1
  m_RendererPriority: 0
  m_Materials:
  - {fileID: 2100000, guid: cc40f5acc100646409b29cc17b8d59e1, type: 2}
  m_StaticBatchInfo:
    firstSubMesh: 0
    subMeshCount: 0
  m_StaticBatchRoot: {fileID: 0}
  m_ProbeAnchor: {fileID: 0}
  m_LightProbeVolumeOverride: {fileID: 0}
  m_ScaleInLightmap: 1
  m_ReceiveGI: 1
  m_PreserveUVs: 0
  m_IgnoreNormalsForChartDetection: 0
  m_ImportantGI: 0
  m_StitchLightmapSeams: 1
  m_SelectedEditorRenderState: 3
  m_MinimumChartSize: 4
  m_AutoUVMaxDistance: 0.5
  m_AutoUVMaxAngle: 89
  m_LightmapParameters: {fileID: 0}
  m_SortingLayerID: 0
  m_SortingLayer: 0
  m_SortingOrder: 0
  m_AdditionalVertexStreams: {fileID: 0}
--- !u!64 &3779021986041568275
MeshCollider:
  m_ObjectHideFlags: 0
  m_CorrespondingSourceObject: {fileID: 0}
  m_PrefabInstance: {fileID: 0}
  m_PrefabAsset: {fileID: 0}
  m_GameObject: {fileID: 4129916185518161566}
  m_Material: {fileID: 0}
  m_IsTrigger: 0
  m_Enabled: 1
  serializedVersion: 4
  m_Convex: 0
  m_CookingOptions: 30
  m_Mesh: {fileID: -3914798656235243572, guid: f8c098b5ca43dcc43a7631fae71077b6, type: 3}
--- !u!1001 &3779021984495774121
PrefabInstance:
  m_ObjectHideFlags: 0
  serializedVersion: 2
  m_Modification:
    m_TransformParent: {fileID: 3745711777722909502}
    m_Modifications:
    - target: {fileID: 3342007976829692065, guid: 016bcd60fa143c14d97ee19e18035cc6, type: 3}
      propertyPath: m_Name
      value: SFXGameObject
      objectReference: {fileID: 0}
    - target: {fileID: 3342007976829692068, guid: 016bcd60fa143c14d97ee19e18035cc6, type: 3}
      propertyPath: m_RootOrder
      value: 1
      objectReference: {fileID: 0}
    - target: {fileID: 3342007976829692068, guid: 016bcd60fa143c14d97ee19e18035cc6, type: 3}
      propertyPath: m_LocalPosition.x
      value: 0
      objectReference: {fileID: 0}
    - target: {fileID: 3342007976829692068, guid: 016bcd60fa143c14d97ee19e18035cc6, type: 3}
      propertyPath: m_LocalPosition.y
      value: 0
      objectReference: {fileID: 0}
    - target: {fileID: 3342007976829692068, guid: 016bcd60fa143c14d97ee19e18035cc6, type: 3}
      propertyPath: m_LocalPosition.z
      value: 0
      objectReference: {fileID: 0}
    - target: {fileID: 3342007976829692068, guid: 016bcd60fa143c14d97ee19e18035cc6, type: 3}
      propertyPath: m_LocalRotation.w
      value: 1
      objectReference: {fileID: 0}
    - target: {fileID: 3342007976829692068, guid: 016bcd60fa143c14d97ee19e18035cc6, type: 3}
      propertyPath: m_LocalRotation.x
      value: 0
      objectReference: {fileID: 0}
    - target: {fileID: 3342007976829692068, guid: 016bcd60fa143c14d97ee19e18035cc6, type: 3}
      propertyPath: m_LocalRotation.y
      value: 0
      objectReference: {fileID: 0}
    - target: {fileID: 3342007976829692068, guid: 016bcd60fa143c14d97ee19e18035cc6, type: 3}
      propertyPath: m_LocalRotation.z
      value: 0
      objectReference: {fileID: 0}
    - target: {fileID: 3342007976829692068, guid: 016bcd60fa143c14d97ee19e18035cc6, type: 3}
      propertyPath: m_LocalEulerAnglesHint.x
      value: 0
      objectReference: {fileID: 0}
    - target: {fileID: 3342007976829692068, guid: 016bcd60fa143c14d97ee19e18035cc6, type: 3}
      propertyPath: m_LocalEulerAnglesHint.y
      value: 0
      objectReference: {fileID: 0}
    - target: {fileID: 3342007976829692068, guid: 016bcd60fa143c14d97ee19e18035cc6, type: 3}
      propertyPath: m_LocalEulerAnglesHint.z
      value: 0
      objectReference: {fileID: 0}
    m_RemovedComponents: []
  m_SourcePrefab: {fileID: 100100000, guid: 016bcd60fa143c14d97ee19e18035cc6, type: 3}
--- !u!1001 &3779021984868435936
PrefabInstance:
  m_ObjectHideFlags: 0
  serializedVersion: 2
  m_Modification:
    m_TransformParent: {fileID: 3745711777533099006}
    m_Modifications:
    - target: {fileID: -8679921383154817045, guid: d7a6fc4cbdd274046b4f62ec577dce8f, type: 3}
      propertyPath: m_RootOrder
      value: 3
      objectReference: {fileID: 0}
    - target: {fileID: -8679921383154817045, guid: d7a6fc4cbdd274046b4f62ec577dce8f, type: 3}
      propertyPath: m_LocalScale.x
      value: -1
      objectReference: {fileID: 0}
    - target: {fileID: -8679921383154817045, guid: d7a6fc4cbdd274046b4f62ec577dce8f, type: 3}
      propertyPath: m_LocalPosition.x
      value: -0.0098
      objectReference: {fileID: 0}
    - target: {fileID: -8679921383154817045, guid: d7a6fc4cbdd274046b4f62ec577dce8f, type: 3}
      propertyPath: m_LocalPosition.y
      value: 0.627
      objectReference: {fileID: 0}
    - target: {fileID: -8679921383154817045, guid: d7a6fc4cbdd274046b4f62ec577dce8f, type: 3}
      propertyPath: m_LocalPosition.z
      value: 0.367
      objectReference: {fileID: 0}
    - target: {fileID: -8679921383154817045, guid: d7a6fc4cbdd274046b4f62ec577dce8f, type: 3}
      propertyPath: m_LocalRotation.w
      value: 1
      objectReference: {fileID: 0}
    - target: {fileID: -8679921383154817045, guid: d7a6fc4cbdd274046b4f62ec577dce8f, type: 3}
      propertyPath: m_LocalRotation.x
      value: 0
      objectReference: {fileID: 0}
    - target: {fileID: -8679921383154817045, guid: d7a6fc4cbdd274046b4f62ec577dce8f, type: 3}
      propertyPath: m_LocalRotation.y
      value: 0
      objectReference: {fileID: 0}
    - target: {fileID: -8679921383154817045, guid: d7a6fc4cbdd274046b4f62ec577dce8f, type: 3}
      propertyPath: m_LocalRotation.z
      value: 0
      objectReference: {fileID: 0}
    - target: {fileID: -8679921383154817045, guid: d7a6fc4cbdd274046b4f62ec577dce8f, type: 3}
      propertyPath: m_LocalEulerAnglesHint.x
      value: 0
      objectReference: {fileID: 0}
    - target: {fileID: -8679921383154817045, guid: d7a6fc4cbdd274046b4f62ec577dce8f, type: 3}
      propertyPath: m_LocalEulerAnglesHint.y
      value: 0
      objectReference: {fileID: 0}
    - target: {fileID: -8679921383154817045, guid: d7a6fc4cbdd274046b4f62ec577dce8f, type: 3}
      propertyPath: m_LocalEulerAnglesHint.z
      value: 0
      objectReference: {fileID: 0}
    - target: {fileID: 919132149155446097, guid: d7a6fc4cbdd274046b4f62ec577dce8f, type: 3}
      propertyPath: m_Name
      value: HospitalFurniture3Door2B
      objectReference: {fileID: 0}
    - target: {fileID: 919132149155446097, guid: d7a6fc4cbdd274046b4f62ec577dce8f, type: 3}
      propertyPath: m_Layer
      value: 7
      objectReference: {fileID: 0}
    - target: {fileID: 8913987742362513620, guid: d7a6fc4cbdd274046b4f62ec577dce8f, type: 3}
      propertyPath: m_Materials.Array.data[0]
      value: 
      objectReference: {fileID: 2100000, guid: 171af242a2efa644db0931c260dd50d8, type: 2}
    m_RemovedComponents: []
  m_SourcePrefab: {fileID: 100100000, guid: d7a6fc4cbdd274046b4f62ec577dce8f, type: 3}
--- !u!4 &3745711778706022411 stripped
Transform:
  m_CorrespondingSourceObject: {fileID: -8679921383154817045, guid: d7a6fc4cbdd274046b4f62ec577dce8f, type: 3}
  m_PrefabInstance: {fileID: 3779021984868435936}
  m_PrefabAsset: {fileID: 0}
--- !u!1 &4084942609153571505 stripped
GameObject:
  m_CorrespondingSourceObject: {fileID: 919132149155446097, guid: d7a6fc4cbdd274046b4f62ec577dce8f, type: 3}
  m_PrefabInstance: {fileID: 3779021984868435936}
  m_PrefabAsset: {fileID: 0}
--- !u!65 &3779021984868435964
BoxCollider:
  m_ObjectHideFlags: 0
  m_CorrespondingSourceObject: {fileID: 0}
  m_PrefabInstance: {fileID: 0}
  m_PrefabAsset: {fileID: 0}
  m_GameObject: {fileID: 4084942609153571505}
  m_Material: {fileID: 0}
  m_IsTrigger: 0
  m_Enabled: 1
  serializedVersion: 2
  m_Size: {x: -0.475, y: 0.68, z: 0.025}
  m_Center: {x: 0.235, y: 0, z: 0.0125}
--- !u!114 &3779021984868435967
MonoBehaviour:
  m_ObjectHideFlags: 0
  m_CorrespondingSourceObject: {fileID: 0}
  m_PrefabInstance: {fileID: 0}
  m_PrefabAsset: {fileID: 0}
  m_GameObject: {fileID: 4084942609153571505}
  m_Enabled: 1
  m_EditorHideFlags: 0
  m_Script: {fileID: 11500000, guid: a15efa9ee19a0d7449f358f41a067b3e, type: 3}
  m_Name: 
  m_EditorClassIdentifier: 
  interactionsEnabled: 1
  sightIndicatorEnabled: 1
  textOnSight: Abrir/Cerrar Puerta
  interactionAudioClip: {fileID: 0}
  failedInteractionAudioClip: {fileID: 8300000, guid: 06bcc1fe0960ed14a9f93aff418100ec, type: 3}
  startOpen: 0
  isOpen: 0
  closedAngle: 0
  openedAngle: 85
  rotationSpeed: 4
  movementType: 0
  openAudioClip: {fileID: 8300000, guid: 7307ab45c321dd4498901a9bd23e3548, type: 3}
  closeAudioClip: {fileID: 8300000, guid: 46b6f8ab391d0b24b8550812315637c3, type: 3}
--- !u!1001 &3779021985026475861
PrefabInstance:
  m_ObjectHideFlags: 0
  serializedVersion: 2
  m_Modification:
    m_TransformParent: {fileID: 3745711778391700857}
    m_Modifications:
    - target: {fileID: 3342007976829692065, guid: 016bcd60fa143c14d97ee19e18035cc6, type: 3}
      propertyPath: m_Name
      value: SFXGameObject
      objectReference: {fileID: 0}
    - target: {fileID: 3342007976829692068, guid: 016bcd60fa143c14d97ee19e18035cc6, type: 3}
      propertyPath: m_RootOrder
      value: 1
      objectReference: {fileID: 0}
    - target: {fileID: 3342007976829692068, guid: 016bcd60fa143c14d97ee19e18035cc6, type: 3}
      propertyPath: m_LocalPosition.x
      value: 0
      objectReference: {fileID: 0}
    - target: {fileID: 3342007976829692068, guid: 016bcd60fa143c14d97ee19e18035cc6, type: 3}
      propertyPath: m_LocalPosition.y
      value: 0
      objectReference: {fileID: 0}
    - target: {fileID: 3342007976829692068, guid: 016bcd60fa143c14d97ee19e18035cc6, type: 3}
      propertyPath: m_LocalPosition.z
      value: 0
      objectReference: {fileID: 0}
    - target: {fileID: 3342007976829692068, guid: 016bcd60fa143c14d97ee19e18035cc6, type: 3}
      propertyPath: m_LocalRotation.w
      value: 1
      objectReference: {fileID: 0}
    - target: {fileID: 3342007976829692068, guid: 016bcd60fa143c14d97ee19e18035cc6, type: 3}
      propertyPath: m_LocalRotation.x
      value: 0
      objectReference: {fileID: 0}
    - target: {fileID: 3342007976829692068, guid: 016bcd60fa143c14d97ee19e18035cc6, type: 3}
      propertyPath: m_LocalRotation.y
      value: 0
      objectReference: {fileID: 0}
    - target: {fileID: 3342007976829692068, guid: 016bcd60fa143c14d97ee19e18035cc6, type: 3}
      propertyPath: m_LocalRotation.z
      value: 0
      objectReference: {fileID: 0}
    - target: {fileID: 3342007976829692068, guid: 016bcd60fa143c14d97ee19e18035cc6, type: 3}
      propertyPath: m_LocalEulerAnglesHint.x
      value: 0
      objectReference: {fileID: 0}
    - target: {fileID: 3342007976829692068, guid: 016bcd60fa143c14d97ee19e18035cc6, type: 3}
      propertyPath: m_LocalEulerAnglesHint.y
      value: 0
      objectReference: {fileID: 0}
    - target: {fileID: 3342007976829692068, guid: 016bcd60fa143c14d97ee19e18035cc6, type: 3}
      propertyPath: m_LocalEulerAnglesHint.z
      value: 0
      objectReference: {fileID: 0}
    m_RemovedComponents: []
  m_SourcePrefab: {fileID: 100100000, guid: 016bcd60fa143c14d97ee19e18035cc6, type: 3}
--- !u!1001 &3779021985082760036
PrefabInstance:
  m_ObjectHideFlags: 0
  serializedVersion: 2
  m_Modification:
    m_TransformParent: {fileID: 3745711777533099006}
    m_Modifications:
    - target: {fileID: -8679921383154817045, guid: 50bc7c97c83e3464f842311744e75b0a, type: 3}
      propertyPath: m_RootOrder
      value: 1
      objectReference: {fileID: 0}
    - target: {fileID: -8679921383154817045, guid: 50bc7c97c83e3464f842311744e75b0a, type: 3}
      propertyPath: m_LocalPosition.x
      value: 0.947
      objectReference: {fileID: 0}
    - target: {fileID: -8679921383154817045, guid: 50bc7c97c83e3464f842311744e75b0a, type: 3}
      propertyPath: m_LocalPosition.y
      value: 0.626
      objectReference: {fileID: 0}
    - target: {fileID: -8679921383154817045, guid: 50bc7c97c83e3464f842311744e75b0a, type: 3}
      propertyPath: m_LocalPosition.z
      value: 0.361
      objectReference: {fileID: 0}
    - target: {fileID: -8679921383154817045, guid: 50bc7c97c83e3464f842311744e75b0a, type: 3}
      propertyPath: m_LocalRotation.w
      value: 1
      objectReference: {fileID: 0}
    - target: {fileID: -8679921383154817045, guid: 50bc7c97c83e3464f842311744e75b0a, type: 3}
      propertyPath: m_LocalRotation.x
      value: -0
      objectReference: {fileID: 0}
    - target: {fileID: -8679921383154817045, guid: 50bc7c97c83e3464f842311744e75b0a, type: 3}
      propertyPath: m_LocalRotation.y
      value: -0
      objectReference: {fileID: 0}
    - target: {fileID: -8679921383154817045, guid: 50bc7c97c83e3464f842311744e75b0a, type: 3}
      propertyPath: m_LocalRotation.z
      value: -0
      objectReference: {fileID: 0}
    - target: {fileID: -8679921383154817045, guid: 50bc7c97c83e3464f842311744e75b0a, type: 3}
      propertyPath: m_LocalEulerAnglesHint.x
      value: 0
      objectReference: {fileID: 0}
    - target: {fileID: -8679921383154817045, guid: 50bc7c97c83e3464f842311744e75b0a, type: 3}
      propertyPath: m_LocalEulerAnglesHint.y
      value: 0
      objectReference: {fileID: 0}
    - target: {fileID: -8679921383154817045, guid: 50bc7c97c83e3464f842311744e75b0a, type: 3}
      propertyPath: m_LocalEulerAnglesHint.z
      value: 0
      objectReference: {fileID: 0}
    - target: {fileID: 919132149155446097, guid: 50bc7c97c83e3464f842311744e75b0a, type: 3}
      propertyPath: m_Name
      value: HospitalFurniture3Door1A
      objectReference: {fileID: 0}
    - target: {fileID: 919132149155446097, guid: 50bc7c97c83e3464f842311744e75b0a, type: 3}
      propertyPath: m_Layer
      value: 7
      objectReference: {fileID: 0}
    - target: {fileID: 2918904241550143408, guid: 50bc7c97c83e3464f842311744e75b0a, type: 3}
      propertyPath: m_Materials.Array.data[0]
      value: 
      objectReference: {fileID: 2100000, guid: 513c203d433f08b418f537271209f001, type: 2}
    m_RemovedComponents: []
  m_SourcePrefab: {fileID: 100100000, guid: 50bc7c97c83e3464f842311744e75b0a, type: 3}
--- !u!4 &3745711778517138575 stripped
Transform:
  m_CorrespondingSourceObject: {fileID: -8679921383154817045, guid: 50bc7c97c83e3464f842311744e75b0a, type: 3}
  m_PrefabInstance: {fileID: 3779021985082760036}
  m_PrefabAsset: {fileID: 0}
--- !u!1 &4084942608427836981 stripped
GameObject:
  m_CorrespondingSourceObject: {fileID: 919132149155446097, guid: 50bc7c97c83e3464f842311744e75b0a, type: 3}
  m_PrefabInstance: {fileID: 3779021985082760036}
  m_PrefabAsset: {fileID: 0}
--- !u!65 &3779021985082760035
BoxCollider:
  m_ObjectHideFlags: 0
  m_CorrespondingSourceObject: {fileID: 0}
  m_PrefabInstance: {fileID: 0}
  m_PrefabAsset: {fileID: 0}
  m_GameObject: {fileID: 4084942608427836981}
  m_Material: {fileID: 0}
  m_IsTrigger: 0
  m_Enabled: 1
  serializedVersion: 2
  m_Size: {x: 0.45, y: 0.68, z: 0.025}
  m_Center: {x: -0.225, y: 0, z: 0.0125}
--- !u!114 &3779021985082760032
MonoBehaviour:
  m_ObjectHideFlags: 0
  m_CorrespondingSourceObject: {fileID: 0}
  m_PrefabInstance: {fileID: 0}
  m_PrefabAsset: {fileID: 0}
  m_GameObject: {fileID: 4084942608427836981}
  m_Enabled: 1
  m_EditorHideFlags: 0
  m_Script: {fileID: 11500000, guid: a15efa9ee19a0d7449f358f41a067b3e, type: 3}
  m_Name: 
  m_EditorClassIdentifier: 
  interactionsEnabled: 1
  sightIndicatorEnabled: 1
  textOnSight: Abrir/Cerrar Puerta
  interactionAudioClip: {fileID: 0}
  failedInteractionAudioClip: {fileID: 8300000, guid: 06bcc1fe0960ed14a9f93aff418100ec, type: 3}
  startOpen: 0
  isOpen: 0
  closedAngle: 0
  openedAngle: 90
  rotationSpeed: 4
  movementType: 0
  openAudioClip: {fileID: 8300000, guid: 7307ab45c321dd4498901a9bd23e3548, type: 3}
  closeAudioClip: {fileID: 8300000, guid: 46b6f8ab391d0b24b8550812315637c3, type: 3}
--- !u!1001 &3779021985121663801
PrefabInstance:
  m_ObjectHideFlags: 0
  serializedVersion: 2
  m_Modification:
    m_TransformParent: {fileID: 3745711777533099006}
    m_Modifications:
    - target: {fileID: -8679921383154817045, guid: 50bc7c97c83e3464f842311744e75b0a, type: 3}
      propertyPath: m_RootOrder
      value: 4
      objectReference: {fileID: 0}
    - target: {fileID: -8679921383154817045, guid: 50bc7c97c83e3464f842311744e75b0a, type: 3}
      propertyPath: m_LocalScale.x
      value: -1
      objectReference: {fileID: 0}
    - target: {fileID: -8679921383154817045, guid: 50bc7c97c83e3464f842311744e75b0a, type: 3}
      propertyPath: m_LocalPosition.x
      value: -0.952
      objectReference: {fileID: 0}
    - target: {fileID: -8679921383154817045, guid: 50bc7c97c83e3464f842311744e75b0a, type: 3}
      propertyPath: m_LocalPosition.y
      value: 0.626
      objectReference: {fileID: 0}
    - target: {fileID: -8679921383154817045, guid: 50bc7c97c83e3464f842311744e75b0a, type: 3}
      propertyPath: m_LocalPosition.z
      value: 0.361
      objectReference: {fileID: 0}
    - target: {fileID: -8679921383154817045, guid: 50bc7c97c83e3464f842311744e75b0a, type: 3}
      propertyPath: m_LocalRotation.w
      value: 1
      objectReference: {fileID: 0}
    - target: {fileID: -8679921383154817045, guid: 50bc7c97c83e3464f842311744e75b0a, type: 3}
      propertyPath: m_LocalRotation.x
      value: 0
      objectReference: {fileID: 0}
    - target: {fileID: -8679921383154817045, guid: 50bc7c97c83e3464f842311744e75b0a, type: 3}
      propertyPath: m_LocalRotation.y
      value: 0
      objectReference: {fileID: 0}
    - target: {fileID: -8679921383154817045, guid: 50bc7c97c83e3464f842311744e75b0a, type: 3}
      propertyPath: m_LocalRotation.z
      value: 0
      objectReference: {fileID: 0}
    - target: {fileID: -8679921383154817045, guid: 50bc7c97c83e3464f842311744e75b0a, type: 3}
      propertyPath: m_LocalEulerAnglesHint.x
      value: 0
      objectReference: {fileID: 0}
    - target: {fileID: -8679921383154817045, guid: 50bc7c97c83e3464f842311744e75b0a, type: 3}
      propertyPath: m_LocalEulerAnglesHint.y
      value: 0
      objectReference: {fileID: 0}
    - target: {fileID: -8679921383154817045, guid: 50bc7c97c83e3464f842311744e75b0a, type: 3}
      propertyPath: m_LocalEulerAnglesHint.z
      value: 0
      objectReference: {fileID: 0}
    - target: {fileID: 919132149155446097, guid: 50bc7c97c83e3464f842311744e75b0a, type: 3}
      propertyPath: m_Name
      value: HospitalFurniture3Door2A
      objectReference: {fileID: 0}
    - target: {fileID: 919132149155446097, guid: 50bc7c97c83e3464f842311744e75b0a, type: 3}
      propertyPath: m_Layer
      value: 7
      objectReference: {fileID: 0}
    - target: {fileID: 2918904241550143408, guid: 50bc7c97c83e3464f842311744e75b0a, type: 3}
      propertyPath: m_Materials.Array.data[0]
      value: 
      objectReference: {fileID: 2100000, guid: 513c203d433f08b418f537271209f001, type: 2}
    m_RemovedComponents: []
  m_SourcePrefab: {fileID: 100100000, guid: 50bc7c97c83e3464f842311744e75b0a, type: 3}
--- !u!4 &3745711778477907154 stripped
Transform:
  m_CorrespondingSourceObject: {fileID: -8679921383154817045, guid: 50bc7c97c83e3464f842311744e75b0a, type: 3}
  m_PrefabInstance: {fileID: 3779021985121663801}
  m_PrefabAsset: {fileID: 0}
--- !u!1 &4084942608334079592 stripped
GameObject:
  m_CorrespondingSourceObject: {fileID: 919132149155446097, guid: 50bc7c97c83e3464f842311744e75b0a, type: 3}
  m_PrefabInstance: {fileID: 3779021985121663801}
  m_PrefabAsset: {fileID: 0}
--- !u!65 &3779021985121663797
BoxCollider:
  m_ObjectHideFlags: 0
  m_CorrespondingSourceObject: {fileID: 0}
  m_PrefabInstance: {fileID: 0}
  m_PrefabAsset: {fileID: 0}
  m_GameObject: {fileID: 4084942608334079592}
  m_Material: {fileID: 0}
  m_IsTrigger: 0
  m_Enabled: 1
  serializedVersion: 2
  m_Size: {x: -0.45, y: 0.68, z: 0.025}
  m_Center: {x: -0.225, y: 0, z: 0.0125}
--- !u!114 &3779021985121663796
MonoBehaviour:
  m_ObjectHideFlags: 0
  m_CorrespondingSourceObject: {fileID: 0}
  m_PrefabInstance: {fileID: 0}
  m_PrefabAsset: {fileID: 0}
  m_GameObject: {fileID: 4084942608334079592}
  m_Enabled: 1
  m_EditorHideFlags: 0
  m_Script: {fileID: 11500000, guid: a15efa9ee19a0d7449f358f41a067b3e, type: 3}
  m_Name: 
  m_EditorClassIdentifier: 
  interactionsEnabled: 1
  sightIndicatorEnabled: 1
  textOnSight: Abrir/Cerrar Puerta
  interactionAudioClip: {fileID: 0}
  failedInteractionAudioClip: {fileID: 8300000, guid: 06bcc1fe0960ed14a9f93aff418100ec, type: 3}
  startOpen: 0
  isOpen: 0
  closedAngle: 0
  openedAngle: -90
  rotationSpeed: 4
  movementType: 0
  openAudioClip: {fileID: 8300000, guid: 7307ab45c321dd4498901a9bd23e3548, type: 3}
  closeAudioClip: {fileID: 8300000, guid: 46b6f8ab391d0b24b8550812315637c3, type: 3}
--- !u!1001 &3779021985124170897
PrefabInstance:
  m_ObjectHideFlags: 0
  serializedVersion: 2
  m_Modification:
    m_TransformParent: {fileID: 3745711778706022411}
    m_Modifications:
    - target: {fileID: 3342007976829692065, guid: 016bcd60fa143c14d97ee19e18035cc6, type: 3}
      propertyPath: m_Name
      value: SFXGameObject
      objectReference: {fileID: 0}
    - target: {fileID: 3342007976829692068, guid: 016bcd60fa143c14d97ee19e18035cc6, type: 3}
      propertyPath: m_RootOrder
      value: 1
      objectReference: {fileID: 0}
    - target: {fileID: 3342007976829692068, guid: 016bcd60fa143c14d97ee19e18035cc6, type: 3}
      propertyPath: m_LocalPosition.x
      value: 0
      objectReference: {fileID: 0}
    - target: {fileID: 3342007976829692068, guid: 016bcd60fa143c14d97ee19e18035cc6, type: 3}
      propertyPath: m_LocalPosition.y
      value: 0
      objectReference: {fileID: 0}
    - target: {fileID: 3342007976829692068, guid: 016bcd60fa143c14d97ee19e18035cc6, type: 3}
      propertyPath: m_LocalPosition.z
      value: 0
      objectReference: {fileID: 0}
    - target: {fileID: 3342007976829692068, guid: 016bcd60fa143c14d97ee19e18035cc6, type: 3}
      propertyPath: m_LocalRotation.w
      value: 1
      objectReference: {fileID: 0}
    - target: {fileID: 3342007976829692068, guid: 016bcd60fa143c14d97ee19e18035cc6, type: 3}
      propertyPath: m_LocalRotation.x
      value: 0
      objectReference: {fileID: 0}
    - target: {fileID: 3342007976829692068, guid: 016bcd60fa143c14d97ee19e18035cc6, type: 3}
      propertyPath: m_LocalRotation.y
      value: 0
      objectReference: {fileID: 0}
    - target: {fileID: 3342007976829692068, guid: 016bcd60fa143c14d97ee19e18035cc6, type: 3}
      propertyPath: m_LocalRotation.z
      value: 0
      objectReference: {fileID: 0}
    - target: {fileID: 3342007976829692068, guid: 016bcd60fa143c14d97ee19e18035cc6, type: 3}
      propertyPath: m_LocalEulerAnglesHint.x
      value: 0
      objectReference: {fileID: 0}
    - target: {fileID: 3342007976829692068, guid: 016bcd60fa143c14d97ee19e18035cc6, type: 3}
      propertyPath: m_LocalEulerAnglesHint.y
      value: 0
      objectReference: {fileID: 0}
    - target: {fileID: 3342007976829692068, guid: 016bcd60fa143c14d97ee19e18035cc6, type: 3}
      propertyPath: m_LocalEulerAnglesHint.z
      value: 0
      objectReference: {fileID: 0}
    m_RemovedComponents: []
  m_SourcePrefab: {fileID: 100100000, guid: 016bcd60fa143c14d97ee19e18035cc6, type: 3}
--- !u!1001 &3779021985154331200
PrefabInstance:
  m_ObjectHideFlags: 0
  serializedVersion: 2
  m_Modification:
    m_TransformParent: {fileID: 3745711777649407247}
    m_Modifications:
    - target: {fileID: 3342007976829692065, guid: 016bcd60fa143c14d97ee19e18035cc6, type: 3}
      propertyPath: m_Name
      value: SFXGameObject
      objectReference: {fileID: 0}
    - target: {fileID: 3342007976829692068, guid: 016bcd60fa143c14d97ee19e18035cc6, type: 3}
      propertyPath: m_RootOrder
      value: 1
      objectReference: {fileID: 0}
    - target: {fileID: 3342007976829692068, guid: 016bcd60fa143c14d97ee19e18035cc6, type: 3}
      propertyPath: m_LocalPosition.x
      value: 0
      objectReference: {fileID: 0}
    - target: {fileID: 3342007976829692068, guid: 016bcd60fa143c14d97ee19e18035cc6, type: 3}
      propertyPath: m_LocalPosition.y
      value: 0
      objectReference: {fileID: 0}
    - target: {fileID: 3342007976829692068, guid: 016bcd60fa143c14d97ee19e18035cc6, type: 3}
      propertyPath: m_LocalPosition.z
      value: 0
      objectReference: {fileID: 0}
    - target: {fileID: 3342007976829692068, guid: 016bcd60fa143c14d97ee19e18035cc6, type: 3}
      propertyPath: m_LocalRotation.w
      value: 1
      objectReference: {fileID: 0}
    - target: {fileID: 3342007976829692068, guid: 016bcd60fa143c14d97ee19e18035cc6, type: 3}
      propertyPath: m_LocalRotation.x
      value: 0
      objectReference: {fileID: 0}
    - target: {fileID: 3342007976829692068, guid: 016bcd60fa143c14d97ee19e18035cc6, type: 3}
      propertyPath: m_LocalRotation.y
      value: 0
      objectReference: {fileID: 0}
    - target: {fileID: 3342007976829692068, guid: 016bcd60fa143c14d97ee19e18035cc6, type: 3}
      propertyPath: m_LocalRotation.z
      value: 0
      objectReference: {fileID: 0}
    - target: {fileID: 3342007976829692068, guid: 016bcd60fa143c14d97ee19e18035cc6, type: 3}
      propertyPath: m_LocalEulerAnglesHint.x
      value: 0
      objectReference: {fileID: 0}
    - target: {fileID: 3342007976829692068, guid: 016bcd60fa143c14d97ee19e18035cc6, type: 3}
      propertyPath: m_LocalEulerAnglesHint.y
      value: 0
      objectReference: {fileID: 0}
    - target: {fileID: 3342007976829692068, guid: 016bcd60fa143c14d97ee19e18035cc6, type: 3}
      propertyPath: m_LocalEulerAnglesHint.z
      value: 0
      objectReference: {fileID: 0}
    m_RemovedComponents: []
  m_SourcePrefab: {fileID: 100100000, guid: 016bcd60fa143c14d97ee19e18035cc6, type: 3}
--- !u!1001 &3779021985158424740
PrefabInstance:
  m_ObjectHideFlags: 0
  serializedVersion: 2
  m_Modification:
    m_TransformParent: {fileID: 3745711777533099006}
    m_Modifications:
    - target: {fileID: -8679921383154817045, guid: d1f5f05a7f9118f4eb2849e998c392d4, type: 3}
      propertyPath: m_RootOrder
      value: 8
      objectReference: {fileID: 0}
    - target: {fileID: -8679921383154817045, guid: d1f5f05a7f9118f4eb2849e998c392d4, type: 3}
      propertyPath: m_LocalScale.x
      value: -1
      objectReference: {fileID: 0}
    - target: {fileID: -8679921383154817045, guid: d1f5f05a7f9118f4eb2849e998c392d4, type: 3}
      propertyPath: m_LocalPosition.x
      value: 0.946
      objectReference: {fileID: 0}
    - target: {fileID: -8679921383154817045, guid: d1f5f05a7f9118f4eb2849e998c392d4, type: 3}
      propertyPath: m_LocalPosition.y
      value: -0.4951
      objectReference: {fileID: 0}
    - target: {fileID: -8679921383154817045, guid: d1f5f05a7f9118f4eb2849e998c392d4, type: 3}
      propertyPath: m_LocalPosition.z
      value: 0.358
      objectReference: {fileID: 0}
    - target: {fileID: -8679921383154817045, guid: d1f5f05a7f9118f4eb2849e998c392d4, type: 3}
      propertyPath: m_LocalRotation.w
      value: 1
      objectReference: {fileID: 0}
    - target: {fileID: -8679921383154817045, guid: d1f5f05a7f9118f4eb2849e998c392d4, type: 3}
      propertyPath: m_LocalRotation.x
      value: 0
      objectReference: {fileID: 0}
    - target: {fileID: -8679921383154817045, guid: d1f5f05a7f9118f4eb2849e998c392d4, type: 3}
      propertyPath: m_LocalRotation.y
      value: 0
      objectReference: {fileID: 0}
    - target: {fileID: -8679921383154817045, guid: d1f5f05a7f9118f4eb2849e998c392d4, type: 3}
      propertyPath: m_LocalRotation.z
      value: 0
      objectReference: {fileID: 0}
    - target: {fileID: -8679921383154817045, guid: d1f5f05a7f9118f4eb2849e998c392d4, type: 3}
      propertyPath: m_LocalEulerAnglesHint.x
      value: 0
      objectReference: {fileID: 0}
    - target: {fileID: -8679921383154817045, guid: d1f5f05a7f9118f4eb2849e998c392d4, type: 3}
      propertyPath: m_LocalEulerAnglesHint.y
      value: 0
      objectReference: {fileID: 0}
    - target: {fileID: -8679921383154817045, guid: d1f5f05a7f9118f4eb2849e998c392d4, type: 3}
      propertyPath: m_LocalEulerAnglesHint.z
      value: 0
      objectReference: {fileID: 0}
    - target: {fileID: -5908163146266368092, guid: d1f5f05a7f9118f4eb2849e998c392d4, type: 3}
      propertyPath: m_Materials.Array.data[0]
      value: 
      objectReference: {fileID: 2100000, guid: 98f57cf5b88149149ac2efd1fab28a5d, type: 2}
    - target: {fileID: 919132149155446097, guid: d1f5f05a7f9118f4eb2849e998c392d4, type: 3}
      propertyPath: m_Name
      value: HospitalFurniture3DoorD2
      objectReference: {fileID: 0}
    - target: {fileID: 919132149155446097, guid: d1f5f05a7f9118f4eb2849e998c392d4, type: 3}
      propertyPath: m_Layer
      value: 7
      objectReference: {fileID: 0}
    m_RemovedComponents: []
  m_SourcePrefab: {fileID: 100100000, guid: d1f5f05a7f9118f4eb2849e998c392d4, type: 3}
--- !u!4 &3745711778449788751 stripped
Transform:
  m_CorrespondingSourceObject: {fileID: -8679921383154817045, guid: d1f5f05a7f9118f4eb2849e998c392d4, type: 3}
  m_PrefabInstance: {fileID: 3779021985158424740}
  m_PrefabAsset: {fileID: 0}
--- !u!1 &4084942608370980341 stripped
GameObject:
  m_CorrespondingSourceObject: {fileID: 919132149155446097, guid: d1f5f05a7f9118f4eb2849e998c392d4, type: 3}
  m_PrefabInstance: {fileID: 3779021985158424740}
  m_PrefabAsset: {fileID: 0}
--- !u!65 &3779021985158424736
BoxCollider:
  m_ObjectHideFlags: 0
  m_CorrespondingSourceObject: {fileID: 0}
  m_PrefabInstance: {fileID: 0}
  m_PrefabAsset: {fileID: 0}
  m_GameObject: {fileID: 4084942608370980341}
  m_Material: {fileID: 0}
  m_IsTrigger: 0
  m_Enabled: 1
  serializedVersion: 2
  m_Size: {x: -0.4425, y: 0.64, z: 0.025}
  m_Center: {x: 0.22, y: 0, z: 0.0125}
--- !u!114 &3779021985158424739
MonoBehaviour:
  m_ObjectHideFlags: 0
  m_CorrespondingSourceObject: {fileID: 0}
  m_PrefabInstance: {fileID: 0}
  m_PrefabAsset: {fileID: 0}
  m_GameObject: {fileID: 4084942608370980341}
  m_Enabled: 1
  m_EditorHideFlags: 0
  m_Script: {fileID: 11500000, guid: a15efa9ee19a0d7449f358f41a067b3e, type: 3}
  m_Name: 
  m_EditorClassIdentifier: 
  interactionsEnabled: 1
  sightIndicatorEnabled: 1
  textOnSight: Abrir/Cerrar Puerta
  interactionAudioClip: {fileID: 0}
  failedInteractionAudioClip: {fileID: 8300000, guid: 06bcc1fe0960ed14a9f93aff418100ec, type: 3}
  startOpen: 0
  isOpen: 0
  closedAngle: 0
  openedAngle: 90
  rotationSpeed: 4
  movementType: 0
  openAudioClip: {fileID: 8300000, guid: 7307ab45c321dd4498901a9bd23e3548, type: 3}
  closeAudioClip: {fileID: 8300000, guid: 46b6f8ab391d0b24b8550812315637c3, type: 3}
--- !u!1001 &3779021985174377106
PrefabInstance:
  m_ObjectHideFlags: 0
  serializedVersion: 2
  m_Modification:
    m_TransformParent: {fileID: 3745711777533099006}
    m_Modifications:
    - target: {fileID: -8679921383154817045, guid: fef16a5078ee61148b200353c0070239, type: 3}
      propertyPath: m_RootOrder
      value: 5
      objectReference: {fileID: 0}
    - target: {fileID: -8679921383154817045, guid: fef16a5078ee61148b200353c0070239, type: 3}
      propertyPath: m_LocalPosition.x
      value: -0.0094
      objectReference: {fileID: 0}
    - target: {fileID: -8679921383154817045, guid: fef16a5078ee61148b200353c0070239, type: 3}
      propertyPath: m_LocalPosition.y
      value: -0.49563587
      objectReference: {fileID: 0}
    - target: {fileID: -8679921383154817045, guid: fef16a5078ee61148b200353c0070239, type: 3}
      propertyPath: m_LocalPosition.z
      value: 0.35217476
      objectReference: {fileID: 0}
    - target: {fileID: -8679921383154817045, guid: fef16a5078ee61148b200353c0070239, type: 3}
      propertyPath: m_LocalRotation.w
      value: 1
      objectReference: {fileID: 0}
    - target: {fileID: -8679921383154817045, guid: fef16a5078ee61148b200353c0070239, type: 3}
      propertyPath: m_LocalRotation.x
      value: -0
      objectReference: {fileID: 0}
    - target: {fileID: -8679921383154817045, guid: fef16a5078ee61148b200353c0070239, type: 3}
      propertyPath: m_LocalRotation.y
      value: -0
      objectReference: {fileID: 0}
    - target: {fileID: -8679921383154817045, guid: fef16a5078ee61148b200353c0070239, type: 3}
      propertyPath: m_LocalRotation.z
      value: -0
      objectReference: {fileID: 0}
    - target: {fileID: -8679921383154817045, guid: fef16a5078ee61148b200353c0070239, type: 3}
      propertyPath: m_LocalEulerAnglesHint.x
      value: 0
      objectReference: {fileID: 0}
    - target: {fileID: -8679921383154817045, guid: fef16a5078ee61148b200353c0070239, type: 3}
      propertyPath: m_LocalEulerAnglesHint.y
      value: 0
      objectReference: {fileID: 0}
    - target: {fileID: -8679921383154817045, guid: fef16a5078ee61148b200353c0070239, type: 3}
      propertyPath: m_LocalEulerAnglesHint.z
      value: 0
      objectReference: {fileID: 0}
    - target: {fileID: -8114033471809764955, guid: fef16a5078ee61148b200353c0070239, type: 3}
      propertyPath: m_Materials.Array.data[0]
      value: 
      objectReference: {fileID: 2100000, guid: f953bf22935042549849367c3438b2b7, type: 2}
    - target: {fileID: 919132149155446097, guid: fef16a5078ee61148b200353c0070239, type: 3}
      propertyPath: m_Name
      value: HospitalFurniture3DoorC1
      objectReference: {fileID: 0}
    - target: {fileID: 919132149155446097, guid: fef16a5078ee61148b200353c0070239, type: 3}
      propertyPath: m_Layer
      value: 7
      objectReference: {fileID: 0}
    m_RemovedComponents: []
  m_SourcePrefab: {fileID: 100100000, guid: fef16a5078ee61148b200353c0070239, type: 3}
--- !u!4 &3745711778391700857 stripped
Transform:
  m_CorrespondingSourceObject: {fileID: -8679921383154817045, guid: fef16a5078ee61148b200353c0070239, type: 3}
  m_PrefabInstance: {fileID: 3779021985174377106}
  m_PrefabAsset: {fileID: 0}
--- !u!1 &4084942608520507331 stripped
GameObject:
  m_CorrespondingSourceObject: {fileID: 919132149155446097, guid: fef16a5078ee61148b200353c0070239, type: 3}
  m_PrefabInstance: {fileID: 3779021985174377106}
  m_PrefabAsset: {fileID: 0}
--- !u!65 &3779021985174377134
BoxCollider:
  m_ObjectHideFlags: 0
  m_CorrespondingSourceObject: {fileID: 0}
  m_PrefabInstance: {fileID: 0}
  m_PrefabAsset: {fileID: 0}
  m_GameObject: {fileID: 4084942608520507331}
  m_Material: {fileID: 0}
  m_IsTrigger: 0
  m_Enabled: 1
  serializedVersion: 2
  m_Size: {x: 0.48, y: 0.64, z: 0.025}
  m_Center: {x: -0.24, y: 0, z: 0.0125}
--- !u!114 &3779021985174377105
MonoBehaviour:
  m_ObjectHideFlags: 0
  m_CorrespondingSourceObject: {fileID: 0}
  m_PrefabInstance: {fileID: 0}
  m_PrefabAsset: {fileID: 0}
  m_GameObject: {fileID: 4084942608520507331}
  m_Enabled: 1
  m_EditorHideFlags: 0
  m_Script: {fileID: 11500000, guid: a15efa9ee19a0d7449f358f41a067b3e, type: 3}
  m_Name: 
  m_EditorClassIdentifier: 
  interactionsEnabled: 1
  sightIndicatorEnabled: 1
  textOnSight: Abrir/Cerrar Puerta
  interactionAudioClip: {fileID: 0}
  failedInteractionAudioClip: {fileID: 8300000, guid: 06bcc1fe0960ed14a9f93aff418100ec, type: 3}
  startOpen: 0
  isOpen: 0
  closedAngle: 0
  openedAngle: 85
  rotationSpeed: 4
  movementType: 0
  openAudioClip: {fileID: 8300000, guid: 7307ab45c321dd4498901a9bd23e3548, type: 3}
  closeAudioClip: {fileID: 8300000, guid: 46b6f8ab391d0b24b8550812315637c3, type: 3}
--- !u!1001 &3779021985289562505
PrefabInstance:
  m_ObjectHideFlags: 0
  serializedVersion: 2
  m_Modification:
    m_TransformParent: {fileID: 3745711778477907154}
    m_Modifications:
    - target: {fileID: 3342007976829692065, guid: 016bcd60fa143c14d97ee19e18035cc6, type: 3}
      propertyPath: m_Name
      value: SFXGameObject
      objectReference: {fileID: 0}
    - target: {fileID: 3342007976829692068, guid: 016bcd60fa143c14d97ee19e18035cc6, type: 3}
      propertyPath: m_RootOrder
      value: 1
      objectReference: {fileID: 0}
    - target: {fileID: 3342007976829692068, guid: 016bcd60fa143c14d97ee19e18035cc6, type: 3}
      propertyPath: m_LocalPosition.x
      value: 0
      objectReference: {fileID: 0}
    - target: {fileID: 3342007976829692068, guid: 016bcd60fa143c14d97ee19e18035cc6, type: 3}
      propertyPath: m_LocalPosition.y
      value: 0
      objectReference: {fileID: 0}
    - target: {fileID: 3342007976829692068, guid: 016bcd60fa143c14d97ee19e18035cc6, type: 3}
      propertyPath: m_LocalPosition.z
      value: 0
      objectReference: {fileID: 0}
    - target: {fileID: 3342007976829692068, guid: 016bcd60fa143c14d97ee19e18035cc6, type: 3}
      propertyPath: m_LocalRotation.w
      value: 1
      objectReference: {fileID: 0}
    - target: {fileID: 3342007976829692068, guid: 016bcd60fa143c14d97ee19e18035cc6, type: 3}
      propertyPath: m_LocalRotation.x
      value: 0
      objectReference: {fileID: 0}
    - target: {fileID: 3342007976829692068, guid: 016bcd60fa143c14d97ee19e18035cc6, type: 3}
      propertyPath: m_LocalRotation.y
      value: 0
      objectReference: {fileID: 0}
    - target: {fileID: 3342007976829692068, guid: 016bcd60fa143c14d97ee19e18035cc6, type: 3}
      propertyPath: m_LocalRotation.z
      value: 0
      objectReference: {fileID: 0}
    - target: {fileID: 3342007976829692068, guid: 016bcd60fa143c14d97ee19e18035cc6, type: 3}
      propertyPath: m_LocalEulerAnglesHint.x
      value: 0
      objectReference: {fileID: 0}
    - target: {fileID: 3342007976829692068, guid: 016bcd60fa143c14d97ee19e18035cc6, type: 3}
      propertyPath: m_LocalEulerAnglesHint.y
      value: 0
      objectReference: {fileID: 0}
    - target: {fileID: 3342007976829692068, guid: 016bcd60fa143c14d97ee19e18035cc6, type: 3}
      propertyPath: m_LocalEulerAnglesHint.z
      value: 0
      objectReference: {fileID: 0}
    m_RemovedComponents: []
  m_SourcePrefab: {fileID: 100100000, guid: 016bcd60fa143c14d97ee19e18035cc6, type: 3}
--- !u!1001 &3779021985356345744
PrefabInstance:
  m_ObjectHideFlags: 0
  serializedVersion: 2
  m_Modification:
    m_TransformParent: {fileID: 3745711778449788751}
    m_Modifications:
    - target: {fileID: 3342007976829692065, guid: 016bcd60fa143c14d97ee19e18035cc6, type: 3}
      propertyPath: m_Name
      value: SFXGameObject
      objectReference: {fileID: 0}
    - target: {fileID: 3342007976829692068, guid: 016bcd60fa143c14d97ee19e18035cc6, type: 3}
      propertyPath: m_RootOrder
      value: 1
      objectReference: {fileID: 0}
    - target: {fileID: 3342007976829692068, guid: 016bcd60fa143c14d97ee19e18035cc6, type: 3}
      propertyPath: m_LocalPosition.x
      value: 0
      objectReference: {fileID: 0}
    - target: {fileID: 3342007976829692068, guid: 016bcd60fa143c14d97ee19e18035cc6, type: 3}
      propertyPath: m_LocalPosition.y
      value: 0
      objectReference: {fileID: 0}
    - target: {fileID: 3342007976829692068, guid: 016bcd60fa143c14d97ee19e18035cc6, type: 3}
      propertyPath: m_LocalPosition.z
      value: 0
      objectReference: {fileID: 0}
    - target: {fileID: 3342007976829692068, guid: 016bcd60fa143c14d97ee19e18035cc6, type: 3}
      propertyPath: m_LocalRotation.w
      value: 1
      objectReference: {fileID: 0}
    - target: {fileID: 3342007976829692068, guid: 016bcd60fa143c14d97ee19e18035cc6, type: 3}
      propertyPath: m_LocalRotation.x
      value: 0
      objectReference: {fileID: 0}
    - target: {fileID: 3342007976829692068, guid: 016bcd60fa143c14d97ee19e18035cc6, type: 3}
      propertyPath: m_LocalRotation.y
      value: 0
      objectReference: {fileID: 0}
    - target: {fileID: 3342007976829692068, guid: 016bcd60fa143c14d97ee19e18035cc6, type: 3}
      propertyPath: m_LocalRotation.z
      value: 0
      objectReference: {fileID: 0}
    - target: {fileID: 3342007976829692068, guid: 016bcd60fa143c14d97ee19e18035cc6, type: 3}
      propertyPath: m_LocalEulerAnglesHint.x
      value: 0
      objectReference: {fileID: 0}
    - target: {fileID: 3342007976829692068, guid: 016bcd60fa143c14d97ee19e18035cc6, type: 3}
      propertyPath: m_LocalEulerAnglesHint.y
      value: 0
      objectReference: {fileID: 0}
    - target: {fileID: 3342007976829692068, guid: 016bcd60fa143c14d97ee19e18035cc6, type: 3}
      propertyPath: m_LocalEulerAnglesHint.z
      value: 0
      objectReference: {fileID: 0}
    m_RemovedComponents: []
  m_SourcePrefab: {fileID: 100100000, guid: 016bcd60fa143c14d97ee19e18035cc6, type: 3}
--- !u!1001 &3779021985843422421
PrefabInstance:
  m_ObjectHideFlags: 0
  serializedVersion: 2
  m_Modification:
    m_TransformParent: {fileID: 3745711777533099006}
    m_Modifications:
    - target: {fileID: -8679921383154817045, guid: d7a6fc4cbdd274046b4f62ec577dce8f, type: 3}
      propertyPath: m_RootOrder
      value: 2
      objectReference: {fileID: 0}
    - target: {fileID: -8679921383154817045, guid: d7a6fc4cbdd274046b4f62ec577dce8f, type: 3}
      propertyPath: m_LocalPosition.x
      value: 0.006
      objectReference: {fileID: 0}
    - target: {fileID: -8679921383154817045, guid: d7a6fc4cbdd274046b4f62ec577dce8f, type: 3}
      propertyPath: m_LocalPosition.y
      value: 0.627
      objectReference: {fileID: 0}
    - target: {fileID: -8679921383154817045, guid: d7a6fc4cbdd274046b4f62ec577dce8f, type: 3}
      propertyPath: m_LocalPosition.z
      value: 0.367
      objectReference: {fileID: 0}
    - target: {fileID: -8679921383154817045, guid: d7a6fc4cbdd274046b4f62ec577dce8f, type: 3}
      propertyPath: m_LocalRotation.w
      value: 1
      objectReference: {fileID: 0}
    - target: {fileID: -8679921383154817045, guid: d7a6fc4cbdd274046b4f62ec577dce8f, type: 3}
      propertyPath: m_LocalRotation.x
      value: 0
      objectReference: {fileID: 0}
    - target: {fileID: -8679921383154817045, guid: d7a6fc4cbdd274046b4f62ec577dce8f, type: 3}
      propertyPath: m_LocalRotation.y
      value: 0
      objectReference: {fileID: 0}
    - target: {fileID: -8679921383154817045, guid: d7a6fc4cbdd274046b4f62ec577dce8f, type: 3}
      propertyPath: m_LocalRotation.z
      value: 0
      objectReference: {fileID: 0}
    - target: {fileID: -8679921383154817045, guid: d7a6fc4cbdd274046b4f62ec577dce8f, type: 3}
      propertyPath: m_LocalEulerAnglesHint.x
      value: 0
      objectReference: {fileID: 0}
    - target: {fileID: -8679921383154817045, guid: d7a6fc4cbdd274046b4f62ec577dce8f, type: 3}
      propertyPath: m_LocalEulerAnglesHint.y
      value: 0
      objectReference: {fileID: 0}
    - target: {fileID: -8679921383154817045, guid: d7a6fc4cbdd274046b4f62ec577dce8f, type: 3}
      propertyPath: m_LocalEulerAnglesHint.z
      value: 0
      objectReference: {fileID: 0}
    - target: {fileID: 919132149155446097, guid: d7a6fc4cbdd274046b4f62ec577dce8f, type: 3}
      propertyPath: m_Name
      value: HospitalFurniture3Door1B
      objectReference: {fileID: 0}
    - target: {fileID: 919132149155446097, guid: d7a6fc4cbdd274046b4f62ec577dce8f, type: 3}
      propertyPath: m_Layer
      value: 7
      objectReference: {fileID: 0}
    - target: {fileID: 8913987742362513620, guid: d7a6fc4cbdd274046b4f62ec577dce8f, type: 3}
      propertyPath: m_Materials.Array.data[0]
      value: 
      objectReference: {fileID: 2100000, guid: 171af242a2efa644db0931c260dd50d8, type: 2}
    m_RemovedComponents: []
  m_SourcePrefab: {fileID: 100100000, guid: d7a6fc4cbdd274046b4f62ec577dce8f, type: 3}
--- !u!4 &3745711777722909502 stripped
Transform:
  m_CorrespondingSourceObject: {fileID: -8679921383154817045, guid: d7a6fc4cbdd274046b4f62ec577dce8f, type: 3}
  m_PrefabInstance: {fileID: 3779021985843422421}
  m_PrefabAsset: {fileID: 0}
--- !u!1 &4084942608115931524 stripped
GameObject:
  m_CorrespondingSourceObject: {fileID: 919132149155446097, guid: d7a6fc4cbdd274046b4f62ec577dce8f, type: 3}
  m_PrefabInstance: {fileID: 3779021985843422421}
  m_PrefabAsset: {fileID: 0}
--- !u!65 &3779021985843422419
BoxCollider:
  m_ObjectHideFlags: 0
  m_CorrespondingSourceObject: {fileID: 0}
  m_PrefabInstance: {fileID: 0}
  m_PrefabAsset: {fileID: 0}
  m_GameObject: {fileID: 4084942608115931524}
  m_Material: {fileID: 0}
  m_IsTrigger: 0
  m_Enabled: 1
  serializedVersion: 2
  m_Size: {x: 0.475, y: 0.68, z: 0.025}
  m_Center: {x: 0.235, y: 0, z: 0.0125}
--- !u!114 &3779021985843422416
MonoBehaviour:
  m_ObjectHideFlags: 0
  m_CorrespondingSourceObject: {fileID: 0}
  m_PrefabInstance: {fileID: 0}
  m_PrefabAsset: {fileID: 0}
  m_GameObject: {fileID: 4084942608115931524}
  m_Enabled: 1
  m_EditorHideFlags: 0
  m_Script: {fileID: 11500000, guid: a15efa9ee19a0d7449f358f41a067b3e, type: 3}
  m_Name: 
  m_EditorClassIdentifier: 
  interactionsEnabled: 1
  sightIndicatorEnabled: 1
  textOnSight: Abrir/Cerrar Puerta
  interactionAudioClip: {fileID: 0}
  failedInteractionAudioClip: {fileID: 8300000, guid: 06bcc1fe0960ed14a9f93aff418100ec, type: 3}
  startOpen: 0
  isOpen: 0
  closedAngle: 0
  openedAngle: -85
  rotationSpeed: 4
  movementType: 0
  openAudioClip: {fileID: 8300000, guid: 7307ab45c321dd4498901a9bd23e3548, type: 3}
  closeAudioClip: {fileID: 8300000, guid: 46b6f8ab391d0b24b8550812315637c3, type: 3}
--- !u!1001 &3779021985958810340
PrefabInstance:
  m_ObjectHideFlags: 0
  serializedVersion: 2
  m_Modification:
    m_TransformParent: {fileID: 3745711777533099006}
    m_Modifications:
    - target: {fileID: -8679921383154817045, guid: fef16a5078ee61148b200353c0070239, type: 3}
      propertyPath: m_RootOrder
      value: 7
      objectReference: {fileID: 0}
    - target: {fileID: -8679921383154817045, guid: fef16a5078ee61148b200353c0070239, type: 3}
      propertyPath: m_LocalScale.x
      value: -1
      objectReference: {fileID: 0}
    - target: {fileID: -8679921383154817045, guid: fef16a5078ee61148b200353c0070239, type: 3}
      propertyPath: m_LocalPosition.x
      value: 0.007
      objectReference: {fileID: 0}
    - target: {fileID: -8679921383154817045, guid: fef16a5078ee61148b200353c0070239, type: 3}
      propertyPath: m_LocalPosition.y
      value: -0.49563587
      objectReference: {fileID: 0}
    - target: {fileID: -8679921383154817045, guid: fef16a5078ee61148b200353c0070239, type: 3}
      propertyPath: m_LocalPosition.z
      value: 0.35217476
      objectReference: {fileID: 0}
    - target: {fileID: -8679921383154817045, guid: fef16a5078ee61148b200353c0070239, type: 3}
      propertyPath: m_LocalRotation.w
      value: 1
      objectReference: {fileID: 0}
    - target: {fileID: -8679921383154817045, guid: fef16a5078ee61148b200353c0070239, type: 3}
      propertyPath: m_LocalRotation.x
      value: -0
      objectReference: {fileID: 0}
    - target: {fileID: -8679921383154817045, guid: fef16a5078ee61148b200353c0070239, type: 3}
      propertyPath: m_LocalRotation.y
      value: -0
      objectReference: {fileID: 0}
    - target: {fileID: -8679921383154817045, guid: fef16a5078ee61148b200353c0070239, type: 3}
      propertyPath: m_LocalRotation.z
      value: -0
      objectReference: {fileID: 0}
    - target: {fileID: -8679921383154817045, guid: fef16a5078ee61148b200353c0070239, type: 3}
      propertyPath: m_LocalEulerAnglesHint.x
      value: 0
      objectReference: {fileID: 0}
    - target: {fileID: -8679921383154817045, guid: fef16a5078ee61148b200353c0070239, type: 3}
      propertyPath: m_LocalEulerAnglesHint.y
      value: 0
      objectReference: {fileID: 0}
    - target: {fileID: -8679921383154817045, guid: fef16a5078ee61148b200353c0070239, type: 3}
      propertyPath: m_LocalEulerAnglesHint.z
      value: 0
      objectReference: {fileID: 0}
    - target: {fileID: -8114033471809764955, guid: fef16a5078ee61148b200353c0070239, type: 3}
      propertyPath: m_Materials.Array.data[0]
      value: 
      objectReference: {fileID: 2100000, guid: f953bf22935042549849367c3438b2b7, type: 2}
    - target: {fileID: 919132149155446097, guid: fef16a5078ee61148b200353c0070239, type: 3}
      propertyPath: m_Name
      value: HospitalFurniture3DoorC2
      objectReference: {fileID: 0}
    - target: {fileID: 919132149155446097, guid: fef16a5078ee61148b200353c0070239, type: 3}
      propertyPath: m_Layer
      value: 7
      objectReference: {fileID: 0}
    m_RemovedComponents: []
  m_SourcePrefab: {fileID: 100100000, guid: fef16a5078ee61148b200353c0070239, type: 3}
--- !u!4 &3745711777649407247 stripped
Transform:
  m_CorrespondingSourceObject: {fileID: -8679921383154817045, guid: fef16a5078ee61148b200353c0070239, type: 3}
  m_PrefabInstance: {fileID: 3779021985958810340}
  m_PrefabAsset: {fileID: 0}
--- !u!1 &4084942608096980917 stripped
GameObject:
  m_CorrespondingSourceObject: {fileID: 919132149155446097, guid: fef16a5078ee61148b200353c0070239, type: 3}
  m_PrefabInstance: {fileID: 3779021985958810340}
  m_PrefabAsset: {fileID: 0}
--- !u!65 &3779021985958810336
BoxCollider:
  m_ObjectHideFlags: 0
  m_CorrespondingSourceObject: {fileID: 0}
  m_PrefabInstance: {fileID: 0}
  m_PrefabAsset: {fileID: 0}
  m_GameObject: {fileID: 4084942608096980917}
  m_Material: {fileID: 0}
  m_IsTrigger: 0
  m_Enabled: 1
  serializedVersion: 2
  m_Size: {x: -0.48, y: 0.64, z: 0.025}
  m_Center: {x: -0.24, y: 0, z: 0.0125}
--- !u!114 &3779021985958810339
MonoBehaviour:
  m_ObjectHideFlags: 0
  m_CorrespondingSourceObject: {fileID: 0}
  m_PrefabInstance: {fileID: 0}
  m_PrefabAsset: {fileID: 0}
  m_GameObject: {fileID: 4084942608096980917}
  m_Enabled: 1
  m_EditorHideFlags: 0
  m_Script: {fileID: 11500000, guid: a15efa9ee19a0d7449f358f41a067b3e, type: 3}
  m_Name: 
  m_EditorClassIdentifier: 
  interactionsEnabled: 1
  sightIndicatorEnabled: 1
  textOnSight: Abrir/Cerrar Puerta
  interactionAudioClip: {fileID: 0}
  failedInteractionAudioClip: {fileID: 8300000, guid: 06bcc1fe0960ed14a9f93aff418100ec, type: 3}
  startOpen: 0
  isOpen: 0
  closedAngle: 0
  openedAngle: -85
  rotationSpeed: 4
  movementType: 0
  openAudioClip: {fileID: 8300000, guid: 7307ab45c321dd4498901a9bd23e3548, type: 3}
  closeAudioClip: {fileID: 8300000, guid: 46b6f8ab391d0b24b8550812315637c3, type: 3}
--- !u!1001 &3779021986158021163
PrefabInstance:
  m_ObjectHideFlags: 0
  serializedVersion: 2
  m_Modification:
    m_TransformParent: {fileID: 3745711777126628097}
    m_Modifications:
    - target: {fileID: 3342007976829692065, guid: 016bcd60fa143c14d97ee19e18035cc6, type: 3}
      propertyPath: m_Name
      value: SFXGameObject
      objectReference: {fileID: 0}
    - target: {fileID: 3342007976829692068, guid: 016bcd60fa143c14d97ee19e18035cc6, type: 3}
      propertyPath: m_RootOrder
      value: 1
      objectReference: {fileID: 0}
    - target: {fileID: 3342007976829692068, guid: 016bcd60fa143c14d97ee19e18035cc6, type: 3}
      propertyPath: m_LocalPosition.x
      value: 0
      objectReference: {fileID: 0}
    - target: {fileID: 3342007976829692068, guid: 016bcd60fa143c14d97ee19e18035cc6, type: 3}
      propertyPath: m_LocalPosition.y
      value: 0
      objectReference: {fileID: 0}
    - target: {fileID: 3342007976829692068, guid: 016bcd60fa143c14d97ee19e18035cc6, type: 3}
      propertyPath: m_LocalPosition.z
      value: 0
      objectReference: {fileID: 0}
    - target: {fileID: 3342007976829692068, guid: 016bcd60fa143c14d97ee19e18035cc6, type: 3}
      propertyPath: m_LocalRotation.w
      value: 1
      objectReference: {fileID: 0}
    - target: {fileID: 3342007976829692068, guid: 016bcd60fa143c14d97ee19e18035cc6, type: 3}
      propertyPath: m_LocalRotation.x
      value: 0
      objectReference: {fileID: 0}
    - target: {fileID: 3342007976829692068, guid: 016bcd60fa143c14d97ee19e18035cc6, type: 3}
      propertyPath: m_LocalRotation.y
      value: 0
      objectReference: {fileID: 0}
    - target: {fileID: 3342007976829692068, guid: 016bcd60fa143c14d97ee19e18035cc6, type: 3}
      propertyPath: m_LocalRotation.z
      value: 0
      objectReference: {fileID: 0}
    - target: {fileID: 3342007976829692068, guid: 016bcd60fa143c14d97ee19e18035cc6, type: 3}
      propertyPath: m_LocalEulerAnglesHint.x
      value: 0
      objectReference: {fileID: 0}
    - target: {fileID: 3342007976829692068, guid: 016bcd60fa143c14d97ee19e18035cc6, type: 3}
      propertyPath: m_LocalEulerAnglesHint.y
      value: 0
      objectReference: {fileID: 0}
    - target: {fileID: 3342007976829692068, guid: 016bcd60fa143c14d97ee19e18035cc6, type: 3}
      propertyPath: m_LocalEulerAnglesHint.z
      value: 0
      objectReference: {fileID: 0}
    m_RemovedComponents: []
  m_SourcePrefab: {fileID: 100100000, guid: 016bcd60fa143c14d97ee19e18035cc6, type: 3}
--- !u!1001 &3779021986293771316
PrefabInstance:
  m_ObjectHideFlags: 0
  serializedVersion: 2
  m_Modification:
    m_TransformParent: {fileID: 3745711778517138575}
    m_Modifications:
    - target: {fileID: 3342007976829692065, guid: 016bcd60fa143c14d97ee19e18035cc6, type: 3}
      propertyPath: m_Name
      value: SFXGameObject
      objectReference: {fileID: 0}
    - target: {fileID: 3342007976829692068, guid: 016bcd60fa143c14d97ee19e18035cc6, type: 3}
      propertyPath: m_RootOrder
      value: 1
      objectReference: {fileID: 0}
    - target: {fileID: 3342007976829692068, guid: 016bcd60fa143c14d97ee19e18035cc6, type: 3}
      propertyPath: m_LocalPosition.x
      value: 0
      objectReference: {fileID: 0}
    - target: {fileID: 3342007976829692068, guid: 016bcd60fa143c14d97ee19e18035cc6, type: 3}
      propertyPath: m_LocalPosition.y
      value: 0
      objectReference: {fileID: 0}
    - target: {fileID: 3342007976829692068, guid: 016bcd60fa143c14d97ee19e18035cc6, type: 3}
      propertyPath: m_LocalPosition.z
      value: 0
      objectReference: {fileID: 0}
    - target: {fileID: 3342007976829692068, guid: 016bcd60fa143c14d97ee19e18035cc6, type: 3}
      propertyPath: m_LocalRotation.w
      value: 1
      objectReference: {fileID: 0}
    - target: {fileID: 3342007976829692068, guid: 016bcd60fa143c14d97ee19e18035cc6, type: 3}
      propertyPath: m_LocalRotation.x
      value: 0
      objectReference: {fileID: 0}
    - target: {fileID: 3342007976829692068, guid: 016bcd60fa143c14d97ee19e18035cc6, type: 3}
      propertyPath: m_LocalRotation.y
      value: 0
      objectReference: {fileID: 0}
    - target: {fileID: 3342007976829692068, guid: 016bcd60fa143c14d97ee19e18035cc6, type: 3}
      propertyPath: m_LocalRotation.z
      value: 0
      objectReference: {fileID: 0}
    - target: {fileID: 3342007976829692068, guid: 016bcd60fa143c14d97ee19e18035cc6, type: 3}
      propertyPath: m_LocalEulerAnglesHint.x
      value: 0
      objectReference: {fileID: 0}
    - target: {fileID: 3342007976829692068, guid: 016bcd60fa143c14d97ee19e18035cc6, type: 3}
      propertyPath: m_LocalEulerAnglesHint.y
      value: 0
      objectReference: {fileID: 0}
    - target: {fileID: 3342007976829692068, guid: 016bcd60fa143c14d97ee19e18035cc6, type: 3}
      propertyPath: m_LocalEulerAnglesHint.z
      value: 0
      objectReference: {fileID: 0}
    m_RemovedComponents: []
  m_SourcePrefab: {fileID: 100100000, guid: 016bcd60fa143c14d97ee19e18035cc6, type: 3}
--- !u!1001 &3779021986439388394
PrefabInstance:
  m_ObjectHideFlags: 0
  serializedVersion: 2
  m_Modification:
    m_TransformParent: {fileID: 3745711777533099006}
    m_Modifications:
    - target: {fileID: -8679921383154817045, guid: d1f5f05a7f9118f4eb2849e998c392d4, type: 3}
      propertyPath: m_RootOrder
      value: 6
      objectReference: {fileID: 0}
    - target: {fileID: -8679921383154817045, guid: d1f5f05a7f9118f4eb2849e998c392d4, type: 3}
      propertyPath: m_LocalPosition.x
      value: -0.944
      objectReference: {fileID: 0}
    - target: {fileID: -8679921383154817045, guid: d1f5f05a7f9118f4eb2849e998c392d4, type: 3}
      propertyPath: m_LocalPosition.y
      value: -0.4951
      objectReference: {fileID: 0}
    - target: {fileID: -8679921383154817045, guid: d1f5f05a7f9118f4eb2849e998c392d4, type: 3}
      propertyPath: m_LocalPosition.z
      value: 0.358
      objectReference: {fileID: 0}
    - target: {fileID: -8679921383154817045, guid: d1f5f05a7f9118f4eb2849e998c392d4, type: 3}
      propertyPath: m_LocalRotation.w
      value: 1
      objectReference: {fileID: 0}
    - target: {fileID: -8679921383154817045, guid: d1f5f05a7f9118f4eb2849e998c392d4, type: 3}
      propertyPath: m_LocalRotation.x
      value: 0
      objectReference: {fileID: 0}
    - target: {fileID: -8679921383154817045, guid: d1f5f05a7f9118f4eb2849e998c392d4, type: 3}
      propertyPath: m_LocalRotation.y
      value: 0
      objectReference: {fileID: 0}
    - target: {fileID: -8679921383154817045, guid: d1f5f05a7f9118f4eb2849e998c392d4, type: 3}
      propertyPath: m_LocalRotation.z
      value: 0
      objectReference: {fileID: 0}
    - target: {fileID: -8679921383154817045, guid: d1f5f05a7f9118f4eb2849e998c392d4, type: 3}
      propertyPath: m_LocalEulerAnglesHint.x
      value: 0
      objectReference: {fileID: 0}
    - target: {fileID: -8679921383154817045, guid: d1f5f05a7f9118f4eb2849e998c392d4, type: 3}
      propertyPath: m_LocalEulerAnglesHint.y
      value: 0
      objectReference: {fileID: 0}
    - target: {fileID: -8679921383154817045, guid: d1f5f05a7f9118f4eb2849e998c392d4, type: 3}
      propertyPath: m_LocalEulerAnglesHint.z
      value: 0
      objectReference: {fileID: 0}
    - target: {fileID: -5908163146266368092, guid: d1f5f05a7f9118f4eb2849e998c392d4, type: 3}
      propertyPath: m_Materials.Array.data[0]
      value: 
      objectReference: {fileID: 2100000, guid: 98f57cf5b88149149ac2efd1fab28a5d, type: 2}
    - target: {fileID: 919132149155446097, guid: d1f5f05a7f9118f4eb2849e998c392d4, type: 3}
      propertyPath: m_Name
      value: HospitalFurniture3DoorD1
      objectReference: {fileID: 0}
    - target: {fileID: 919132149155446097, guid: d1f5f05a7f9118f4eb2849e998c392d4, type: 3}
      propertyPath: m_Layer
      value: 7
      objectReference: {fileID: 0}
    m_RemovedComponents: []
  m_SourcePrefab: {fileID: 100100000, guid: d1f5f05a7f9118f4eb2849e998c392d4, type: 3}
--- !u!4 &3745711777126628097 stripped
Transform:
  m_CorrespondingSourceObject: {fileID: -8679921383154817045, guid: d1f5f05a7f9118f4eb2849e998c392d4, type: 3}
  m_PrefabInstance: {fileID: 3779021986439388394}
  m_PrefabAsset: {fileID: 0}
--- !u!1 &4084942607502893499 stripped
GameObject:
  m_CorrespondingSourceObject: {fileID: 919132149155446097, guid: d1f5f05a7f9118f4eb2849e998c392d4, type: 3}
  m_PrefabInstance: {fileID: 3779021986439388394}
  m_PrefabAsset: {fileID: 0}
--- !u!65 &3779021986439388390
BoxCollider:
  m_ObjectHideFlags: 0
  m_CorrespondingSourceObject: {fileID: 0}
  m_PrefabInstance: {fileID: 0}
  m_PrefabAsset: {fileID: 0}
  m_GameObject: {fileID: 4084942607502893499}
  m_Material: {fileID: 0}
  m_IsTrigger: 0
  m_Enabled: 1
  serializedVersion: 2
  m_Size: {x: 0.4425, y: 0.64, z: 0.025}
  m_Center: {x: 0.22, y: 0, z: 0.0125}
--- !u!114 &3779021986439388393
MonoBehaviour:
  m_ObjectHideFlags: 0
  m_CorrespondingSourceObject: {fileID: 0}
  m_PrefabInstance: {fileID: 0}
  m_PrefabAsset: {fileID: 0}
  m_GameObject: {fileID: 4084942607502893499}
  m_Enabled: 1
  m_EditorHideFlags: 0
  m_Script: {fileID: 11500000, guid: a15efa9ee19a0d7449f358f41a067b3e, type: 3}
  m_Name: 
  m_EditorClassIdentifier: 
  interactionsEnabled: 1
  sightIndicatorEnabled: 1
  textOnSight: Abrir/Cerrar Puerta
  interactionAudioClip: {fileID: 0}
  failedInteractionAudioClip: {fileID: 8300000, guid: 06bcc1fe0960ed14a9f93aff418100ec, type: 3}
  startOpen: 0
  isOpen: 0
  closedAngle: 0
  openedAngle: -90
  rotationSpeed: 4
  movementType: 0
  openAudioClip: {fileID: 8300000, guid: 7307ab45c321dd4498901a9bd23e3548, type: 3}
  closeAudioClip: {fileID: 8300000, guid: 46b6f8ab391d0b24b8550812315637c3, type: 3}
