%YAML 1.1
%TAG !u! tag:unity3d.com,2011:
--- !u!1 &1315568986413320076
GameObject:
  m_ObjectHideFlags: 0
  m_CorrespondingSourceObject: {fileID: 0}
  m_PrefabInstance: {fileID: 0}
  m_PrefabAsset: {fileID: 0}
  serializedVersion: 6
  m_Component:
  - component: {fileID: 6981562970308218668}
  - component: {fileID: 1252274223746540270}
  - component: {fileID: 6891023836635459622}
  - component: {fileID: 7221157425514596765}
  m_Layer: 0
  m_Name: polySurface3
  m_TagString: Untagged
  m_Icon: {fileID: 0}
  m_NavMeshLayer: 0
  m_StaticEditorFlags: 0
  m_IsActive: 1
--- !u!4 &6981562970308218668
Transform:
  m_ObjectHideFlags: 0
  m_CorrespondingSourceObject: {fileID: 0}
  m_PrefabInstance: {fileID: 0}
  m_PrefabAsset: {fileID: 0}
  m_GameObject: {fileID: 1315568986413320076}
  m_LocalRotation: {x: 0, y: -0, z: -0, w: 1}
  m_LocalPosition: {x: -0, y: 0, z: 0}
  m_LocalScale: {x: 1, y: 1, z: 1}
  m_ConstrainProportionsScale: 0
  m_Children: []
  m_Father: {fileID: 7186633494326783600}
  m_RootOrder: 0
  m_LocalEulerAnglesHint: {x: 0, y: 0, z: 0}
--- !u!33 &1252274223746540270
MeshFilter:
  m_ObjectHideFlags: 0
  m_CorrespondingSourceObject: {fileID: 0}
  m_PrefabInstance: {fileID: 0}
  m_PrefabAsset: {fileID: 0}
  m_GameObject: {fileID: 1315568986413320076}
  m_Mesh: {fileID: 4164511204261677510, guid: a0760b15214809649bea6489ff92f71c, type: 3}
--- !u!23 &6891023836635459622
MeshRenderer:
  m_ObjectHideFlags: 0
  m_CorrespondingSourceObject: {fileID: 0}
  m_PrefabInstance: {fileID: 0}
  m_PrefabAsset: {fileID: 0}
  m_GameObject: {fileID: 1315568986413320076}
  m_Enabled: 1
  m_CastShadows: 1
  m_ReceiveShadows: 1
  m_DynamicOccludee: 1
  m_StaticShadowCaster: 0
  m_MotionVectors: 1
  m_LightProbeUsage: 1
  m_ReflectionProbeUsage: 1
  m_RayTracingMode: 2
  m_RayTraceProcedural: 0
  m_RenderingLayerMask: 1
  m_RendererPriority: 0
  m_Materials:
  - {fileID: 2100000, guid: e3bbd96e15e23a74eb32af0592122ad3, type: 2}
  m_StaticBatchInfo:
    firstSubMesh: 0
    subMeshCount: 0
  m_StaticBatchRoot: {fileID: 0}
  m_ProbeAnchor: {fileID: 0}
  m_LightProbeVolumeOverride: {fileID: 0}
  m_ScaleInLightmap: 1
  m_ReceiveGI: 1
  m_PreserveUVs: 0
  m_IgnoreNormalsForChartDetection: 0
  m_ImportantGI: 0
  m_StitchLightmapSeams: 1
  m_SelectedEditorRenderState: 3
  m_MinimumChartSize: 4
  m_AutoUVMaxDistance: 0.5
  m_AutoUVMaxAngle: 89
  m_LightmapParameters: {fileID: 0}
  m_SortingLayerID: 0
  m_SortingLayer: 0
  m_SortingOrder: 0
  m_AdditionalVertexStreams: {fileID: 0}
--- !u!64 &7221157425514596765
MeshCollider:
  m_ObjectHideFlags: 0
  m_CorrespondingSourceObject: {fileID: 0}
  m_PrefabInstance: {fileID: 0}
  m_PrefabAsset: {fileID: 0}
  m_GameObject: {fileID: 1315568986413320076}
  m_Material: {fileID: 0}
  m_IsTrigger: 0
  m_Enabled: 1
  serializedVersion: 4
  m_Convex: 0
  m_CookingOptions: 30
  m_Mesh: {fileID: 4164511204261677510, guid: a0760b15214809649bea6489ff92f71c, type: 3}
--- !u!1 &7563757892993938634
GameObject:
  m_ObjectHideFlags: 0
  m_CorrespondingSourceObject: {fileID: 0}
  m_PrefabInstance: {fileID: 0}
  m_PrefabAsset: {fileID: 0}
  serializedVersion: 6
  m_Component:
  - component: {fileID: 7186633494326783600}
  m_Layer: 0
  m_Name: TVSetFurniture2
  m_TagString: Untagged
  m_Icon: {fileID: 0}
  m_NavMeshLayer: 0
  m_StaticEditorFlags: 0
  m_IsActive: 1
--- !u!4 &7186633494326783600
Transform:
  m_ObjectHideFlags: 0
  m_CorrespondingSourceObject: {fileID: 0}
  m_PrefabInstance: {fileID: 0}
  m_PrefabAsset: {fileID: 0}
  m_GameObject: {fileID: 7563757892993938634}
  m_LocalRotation: {x: 0, y: -0, z: -0, w: 1}
  m_LocalPosition: {x: 93.35922, y: 0, z: -26.564255}
  m_LocalScale: {x: 1, y: 1, z: 1}
  m_ConstrainProportionsScale: 0
  m_Children:
  - {fileID: 6981562970308218668}
  - {fileID: 7186633494276038814}
  - {fileID: 7186633495040128782}
  - {fileID: 7186633494065591631}
  - {fileID: 7186633493890064232}
  m_Father: {fileID: 0}
  m_RootOrder: 0
  m_LocalEulerAnglesHint: {x: 0, y: 0, z: 0}
--- !u!1001 &7221157424801452261
PrefabInstance:
  m_ObjectHideFlags: 0
  serializedVersion: 2
  m_Modification:
    m_TransformParent: {fileID: 7186633494326783600}
    m_Modifications:
    - target: {fileID: -8679921383154817045, guid: b30b7ad1ed469284f9584748a6a1e646, type: 3}
      propertyPath: m_RootOrder
      value: 2
      objectReference: {fileID: 0}
    - target: {fileID: -8679921383154817045, guid: b30b7ad1ed469284f9584748a6a1e646, type: 3}
      propertyPath: m_LocalScale.x
      value: -1
      objectReference: {fileID: 0}
    - target: {fileID: -8679921383154817045, guid: b30b7ad1ed469284f9584748a6a1e646, type: 3}
      propertyPath: m_LocalPosition.x
      value: 0.047000144
      objectReference: {fileID: 0}
    - target: {fileID: -8679921383154817045, guid: b30b7ad1ed469284f9584748a6a1e646, type: 3}
      propertyPath: m_LocalPosition.y
      value: 0.044999994
      objectReference: {fileID: 0}
    - target: {fileID: -8679921383154817045, guid: b30b7ad1ed469284f9584748a6a1e646, type: 3}
      propertyPath: m_LocalPosition.z
      value: 0.5049796
      objectReference: {fileID: 0}
    - target: {fileID: -8679921383154817045, guid: b30b7ad1ed469284f9584748a6a1e646, type: 3}
      propertyPath: m_LocalRotation.w
      value: 1
      objectReference: {fileID: 0}
    - target: {fileID: -8679921383154817045, guid: b30b7ad1ed469284f9584748a6a1e646, type: 3}
      propertyPath: m_LocalRotation.x
      value: -0
      objectReference: {fileID: 0}
    - target: {fileID: -8679921383154817045, guid: b30b7ad1ed469284f9584748a6a1e646, type: 3}
      propertyPath: m_LocalRotation.y
      value: -0
      objectReference: {fileID: 0}
    - target: {fileID: -8679921383154817045, guid: b30b7ad1ed469284f9584748a6a1e646, type: 3}
      propertyPath: m_LocalRotation.z
      value: -0
      objectReference: {fileID: 0}
    - target: {fileID: -8679921383154817045, guid: b30b7ad1ed469284f9584748a6a1e646, type: 3}
      propertyPath: m_LocalEulerAnglesHint.x
      value: 0
      objectReference: {fileID: 0}
    - target: {fileID: -8679921383154817045, guid: b30b7ad1ed469284f9584748a6a1e646, type: 3}
      propertyPath: m_LocalEulerAnglesHint.y
      value: 0
      objectReference: {fileID: 0}
    - target: {fileID: -8679921383154817045, guid: b30b7ad1ed469284f9584748a6a1e646, type: 3}
      propertyPath: m_LocalEulerAnglesHint.z
      value: 0
      objectReference: {fileID: 0}
    - target: {fileID: -4509823143501964880, guid: b30b7ad1ed469284f9584748a6a1e646, type: 3}
      propertyPath: m_Materials.Array.data[0]
      value: 
      objectReference: {fileID: 2100000, guid: 98e60e2458c5d824f8d5f4528de1d12b, type: 2}
    - target: {fileID: 919132149155446097, guid: b30b7ad1ed469284f9584748a6a1e646, type: 3}
      propertyPath: m_Name
      value: HospitalFurniture2Door2
      objectReference: {fileID: 0}
    - target: {fileID: 919132149155446097, guid: b30b7ad1ed469284f9584748a6a1e646, type: 3}
      propertyPath: m_Layer
      value: 7
      objectReference: {fileID: 0}
    m_RemovedComponents: []
  m_SourcePrefab: {fileID: 100100000, guid: b30b7ad1ed469284f9584748a6a1e646, type: 3}
--- !u!4 &7186633495040128782 stripped
Transform:
  m_CorrespondingSourceObject: {fileID: -8679921383154817045, guid: b30b7ad1ed469284f9584748a6a1e646, type: 3}
  m_PrefabInstance: {fileID: 7221157424801452261}
  m_PrefabAsset: {fileID: 0}
--- !u!1 &7563757893354925492 stripped
GameObject:
  m_CorrespondingSourceObject: {fileID: 919132149155446097, guid: b30b7ad1ed469284f9584748a6a1e646, type: 3}
  m_PrefabInstance: {fileID: 7221157424801452261}
  m_PrefabAsset: {fileID: 0}
--- !u!65 &7221157424801452265
BoxCollider:
  m_ObjectHideFlags: 0
  m_CorrespondingSourceObject: {fileID: 0}
  m_PrefabInstance: {fileID: 0}
  m_PrefabAsset: {fileID: 0}
  m_GameObject: {fileID: 7563757893354925492}
  m_Material: {fileID: 0}
  m_IsTrigger: 0
  m_Enabled: 1
  serializedVersion: 2
  m_Size: {x: -0.465, y: 1.86, z: 0.03}
  m_Center: {x: -0.225, y: 0, z: 0.015}
--- !u!114 &7221157424801452264
MonoBehaviour:
  m_ObjectHideFlags: 0
  m_CorrespondingSourceObject: {fileID: 0}
  m_PrefabInstance: {fileID: 0}
  m_PrefabAsset: {fileID: 0}
  m_GameObject: {fileID: 7563757893354925492}
  m_Enabled: 1
  m_EditorHideFlags: 0
  m_Script: {fileID: 11500000, guid: a15efa9ee19a0d7449f358f41a067b3e, type: 3}
  m_Name: 
  m_EditorClassIdentifier: 
  interactionsEnabled: 1
  sightIndicatorEnabled: 1
  textOnSight: Abrir/Cerrar Puerta
  interactionAudioClip: {fileID: 0}
  failedInteractionAudioClip: {fileID: 8300000, guid: 06bcc1fe0960ed14a9f93aff418100ec, type: 3}
  startOpen: 0
  isOpen: 0
  closedAngle: 0
  openedAngle: -85
  rotationSpeed: 4
  movementType: 0
  openAudioClip: {fileID: 8300000, guid: 7307ab45c321dd4498901a9bd23e3548, type: 3}
  closeAudioClip: {fileID: 8300000, guid: 46b6f8ab391d0b24b8550812315637c3, type: 3}
--- !u!1001 &7221157425308720269
PrefabInstance:
  m_ObjectHideFlags: 0
  serializedVersion: 2
  m_Modification:
    m_TransformParent: {fileID: 7186633494065591631}
    m_Modifications:
    - target: {fileID: 3342007976829692065, guid: 016bcd60fa143c14d97ee19e18035cc6, type: 3}
      propertyPath: m_Name
      value: SFXGameObject
      objectReference: {fileID: 0}
    - target: {fileID: 3342007976829692068, guid: 016bcd60fa143c14d97ee19e18035cc6, type: 3}
      propertyPath: m_RootOrder
      value: 1
      objectReference: {fileID: 0}
    - target: {fileID: 3342007976829692068, guid: 016bcd60fa143c14d97ee19e18035cc6, type: 3}
      propertyPath: m_LocalPosition.x
      value: 0
      objectReference: {fileID: 0}
    - target: {fileID: 3342007976829692068, guid: 016bcd60fa143c14d97ee19e18035cc6, type: 3}
      propertyPath: m_LocalPosition.y
      value: 0
      objectReference: {fileID: 0}
    - target: {fileID: 3342007976829692068, guid: 016bcd60fa143c14d97ee19e18035cc6, type: 3}
      propertyPath: m_LocalPosition.z
      value: 0
      objectReference: {fileID: 0}
    - target: {fileID: 3342007976829692068, guid: 016bcd60fa143c14d97ee19e18035cc6, type: 3}
      propertyPath: m_LocalRotation.w
      value: 1
      objectReference: {fileID: 0}
    - target: {fileID: 3342007976829692068, guid: 016bcd60fa143c14d97ee19e18035cc6, type: 3}
      propertyPath: m_LocalRotation.x
      value: 0
      objectReference: {fileID: 0}
    - target: {fileID: 3342007976829692068, guid: 016bcd60fa143c14d97ee19e18035cc6, type: 3}
      propertyPath: m_LocalRotation.y
      value: 0
      objectReference: {fileID: 0}
    - target: {fileID: 3342007976829692068, guid: 016bcd60fa143c14d97ee19e18035cc6, type: 3}
      propertyPath: m_LocalRotation.z
      value: 0
      objectReference: {fileID: 0}
    - target: {fileID: 3342007976829692068, guid: 016bcd60fa143c14d97ee19e18035cc6, type: 3}
      propertyPath: m_LocalEulerAnglesHint.x
      value: 0
      objectReference: {fileID: 0}
    - target: {fileID: 3342007976829692068, guid: 016bcd60fa143c14d97ee19e18035cc6, type: 3}
      propertyPath: m_LocalEulerAnglesHint.y
      value: 0
      objectReference: {fileID: 0}
    - target: {fileID: 3342007976829692068, guid: 016bcd60fa143c14d97ee19e18035cc6, type: 3}
      propertyPath: m_LocalEulerAnglesHint.z
      value: 0
      objectReference: {fileID: 0}
    m_RemovedComponents: []
  m_SourcePrefab: {fileID: 100100000, guid: 016bcd60fa143c14d97ee19e18035cc6, type: 3}
--- !u!1001 &7221157425590699893
PrefabInstance:
  m_ObjectHideFlags: 0
  serializedVersion: 2
  m_Modification:
    m_TransformParent: {fileID: 7186633494326783600}
    m_Modifications:
    - target: {fileID: -8679921383154817045, guid: b30b7ad1ed469284f9584748a6a1e646, type: 3}
      propertyPath: m_RootOrder
      value: 1
      objectReference: {fileID: 0}
    - target: {fileID: -8679921383154817045, guid: b30b7ad1ed469284f9584748a6a1e646, type: 3}
      propertyPath: m_LocalPosition.x
      value: 0.965
      objectReference: {fileID: 0}
    - target: {fileID: -8679921383154817045, guid: b30b7ad1ed469284f9584748a6a1e646, type: 3}
      propertyPath: m_LocalPosition.y
      value: 0.044999957
      objectReference: {fileID: 0}
    - target: {fileID: -8679921383154817045, guid: b30b7ad1ed469284f9584748a6a1e646, type: 3}
      propertyPath: m_LocalPosition.z
      value: 0.5049796
      objectReference: {fileID: 0}
    - target: {fileID: -8679921383154817045, guid: b30b7ad1ed469284f9584748a6a1e646, type: 3}
      propertyPath: m_LocalRotation.w
      value: 1
      objectReference: {fileID: 0}
    - target: {fileID: -8679921383154817045, guid: b30b7ad1ed469284f9584748a6a1e646, type: 3}
      propertyPath: m_LocalRotation.x
      value: -0
      objectReference: {fileID: 0}
    - target: {fileID: -8679921383154817045, guid: b30b7ad1ed469284f9584748a6a1e646, type: 3}
      propertyPath: m_LocalRotation.y
      value: -0
      objectReference: {fileID: 0}
    - target: {fileID: -8679921383154817045, guid: b30b7ad1ed469284f9584748a6a1e646, type: 3}
      propertyPath: m_LocalRotation.z
      value: -0
      objectReference: {fileID: 0}
    - target: {fileID: -8679921383154817045, guid: b30b7ad1ed469284f9584748a6a1e646, type: 3}
      propertyPath: m_LocalEulerAnglesHint.x
      value: 0
      objectReference: {fileID: 0}
    - target: {fileID: -8679921383154817045, guid: b30b7ad1ed469284f9584748a6a1e646, type: 3}
      propertyPath: m_LocalEulerAnglesHint.y
      value: 0
      objectReference: {fileID: 0}
    - target: {fileID: -8679921383154817045, guid: b30b7ad1ed469284f9584748a6a1e646, type: 3}
      propertyPath: m_LocalEulerAnglesHint.z
      value: 0
      objectReference: {fileID: 0}
    - target: {fileID: -4509823143501964880, guid: b30b7ad1ed469284f9584748a6a1e646, type: 3}
      propertyPath: m_Materials.Array.data[0]
      value: 
      objectReference: {fileID: 2100000, guid: 98e60e2458c5d824f8d5f4528de1d12b, type: 2}
    - target: {fileID: 919132149155446097, guid: b30b7ad1ed469284f9584748a6a1e646, type: 3}
      propertyPath: m_Name
      value: HospitalFurniture2Door1
      objectReference: {fileID: 0}
    - target: {fileID: 919132149155446097, guid: b30b7ad1ed469284f9584748a6a1e646, type: 3}
      propertyPath: m_Layer
      value: 7
      objectReference: {fileID: 0}
    m_RemovedComponents: []
  m_SourcePrefab: {fileID: 100100000, guid: b30b7ad1ed469284f9584748a6a1e646, type: 3}
--- !u!4 &7186633494276038814 stripped
Transform:
  m_CorrespondingSourceObject: {fileID: -8679921383154817045, guid: b30b7ad1ed469284f9584748a6a1e646, type: 3}
  m_PrefabInstance: {fileID: 7221157425590699893}
  m_PrefabAsset: {fileID: 0}
--- !u!1 &7563757893205309988 stripped
GameObject:
  m_CorrespondingSourceObject: {fileID: 919132149155446097, guid: b30b7ad1ed469284f9584748a6a1e646, type: 3}
  m_PrefabInstance: {fileID: 7221157425590699893}
  m_PrefabAsset: {fileID: 0}
--- !u!65 &7221157425590699897
BoxCollider:
  m_ObjectHideFlags: 0
  m_CorrespondingSourceObject: {fileID: 0}
  m_PrefabInstance: {fileID: 0}
  m_PrefabAsset: {fileID: 0}
  m_GameObject: {fileID: 7563757893205309988}
  m_Material: {fileID: 0}
  m_IsTrigger: 0
  m_Enabled: 1
  serializedVersion: 2
  m_Size: {x: 0.465, y: 1.86, z: 0.03}
  m_Center: {x: -0.225, y: 0, z: 0.015}
--- !u!114 &7221157425590699896
MonoBehaviour:
  m_ObjectHideFlags: 0
  m_CorrespondingSourceObject: {fileID: 0}
  m_PrefabInstance: {fileID: 0}
  m_PrefabAsset: {fileID: 0}
  m_GameObject: {fileID: 7563757893205309988}
  m_Enabled: 1
  m_EditorHideFlags: 0
  m_Script: {fileID: 11500000, guid: a15efa9ee19a0d7449f358f41a067b3e, type: 3}
  m_Name: 
  m_EditorClassIdentifier: 
  interactionsEnabled: 1
  sightIndicatorEnabled: 1
  textOnSight: Abrir/Cerrar Puerta
  interactionAudioClip: {fileID: 0}
  failedInteractionAudioClip: {fileID: 8300000, guid: 06bcc1fe0960ed14a9f93aff418100ec, type: 3}
  startOpen: 0
  isOpen: 0
  closedAngle: 0
  openedAngle: 90
  rotationSpeed: 4
  movementType: 0
  openAudioClip: {fileID: 8300000, guid: 7307ab45c321dd4498901a9bd23e3548, type: 3}
  closeAudioClip: {fileID: 8300000, guid: 46b6f8ab391d0b24b8550812315637c3, type: 3}
--- !u!1001 &7221157425767338660
PrefabInstance:
  m_ObjectHideFlags: 0
  serializedVersion: 2
  m_Modification:
    m_TransformParent: {fileID: 7186633494326783600}
    m_Modifications:
    - target: {fileID: -8679921383154817045, guid: b30b7ad1ed469284f9584748a6a1e646, type: 3}
      propertyPath: m_RootOrder
      value: 3
      objectReference: {fileID: 0}
    - target: {fileID: -8679921383154817045, guid: b30b7ad1ed469284f9584748a6a1e646, type: 3}
      propertyPath: m_LocalPosition.x
      value: -0.049
      objectReference: {fileID: 0}
    - target: {fileID: -8679921383154817045, guid: b30b7ad1ed469284f9584748a6a1e646, type: 3}
      propertyPath: m_LocalPosition.y
      value: 0.043
      objectReference: {fileID: 0}
    - target: {fileID: -8679921383154817045, guid: b30b7ad1ed469284f9584748a6a1e646, type: 3}
      propertyPath: m_LocalPosition.z
      value: 0.5049796
      objectReference: {fileID: 0}
    - target: {fileID: -8679921383154817045, guid: b30b7ad1ed469284f9584748a6a1e646, type: 3}
      propertyPath: m_LocalRotation.w
      value: 1
      objectReference: {fileID: 0}
    - target: {fileID: -8679921383154817045, guid: b30b7ad1ed469284f9584748a6a1e646, type: 3}
      propertyPath: m_LocalRotation.x
      value: -0
      objectReference: {fileID: 0}
    - target: {fileID: -8679921383154817045, guid: b30b7ad1ed469284f9584748a6a1e646, type: 3}
      propertyPath: m_LocalRotation.y
      value: -0
      objectReference: {fileID: 0}
    - target: {fileID: -8679921383154817045, guid: b30b7ad1ed469284f9584748a6a1e646, type: 3}
      propertyPath: m_LocalRotation.z
      value: -0
      objectReference: {fileID: 0}
    - target: {fileID: -8679921383154817045, guid: b30b7ad1ed469284f9584748a6a1e646, type: 3}
      propertyPath: m_LocalEulerAnglesHint.x
      value: 0
      objectReference: {fileID: 0}
    - target: {fileID: -8679921383154817045, guid: b30b7ad1ed469284f9584748a6a1e646, type: 3}
      propertyPath: m_LocalEulerAnglesHint.y
      value: 0
      objectReference: {fileID: 0}
    - target: {fileID: -8679921383154817045, guid: b30b7ad1ed469284f9584748a6a1e646, type: 3}
      propertyPath: m_LocalEulerAnglesHint.z
      value: 0
      objectReference: {fileID: 0}
    - target: {fileID: -4509823143501964880, guid: b30b7ad1ed469284f9584748a6a1e646, type: 3}
      propertyPath: m_Materials.Array.data[0]
      value: 
      objectReference: {fileID: 2100000, guid: 98e60e2458c5d824f8d5f4528de1d12b, type: 2}
    - target: {fileID: 919132149155446097, guid: b30b7ad1ed469284f9584748a6a1e646, type: 3}
      propertyPath: m_Name
      value: HospitalFurniture2Door3
      objectReference: {fileID: 0}
    - target: {fileID: 919132149155446097, guid: b30b7ad1ed469284f9584748a6a1e646, type: 3}
      propertyPath: m_Layer
      value: 7
      objectReference: {fileID: 0}
    m_RemovedComponents: []
  m_SourcePrefab: {fileID: 100100000, guid: b30b7ad1ed469284f9584748a6a1e646, type: 3}
--- !u!4 &7186633494065591631 stripped
Transform:
  m_CorrespondingSourceObject: {fileID: -8679921383154817045, guid: b30b7ad1ed469284f9584748a6a1e646, type: 3}
  m_PrefabInstance: {fileID: 7221157425767338660}
  m_PrefabAsset: {fileID: 0}
--- !u!1 &7563757893246545909 stripped
GameObject:
  m_CorrespondingSourceObject: {fileID: 919132149155446097, guid: b30b7ad1ed469284f9584748a6a1e646, type: 3}
  m_PrefabInstance: {fileID: 7221157425767338660}
  m_PrefabAsset: {fileID: 0}
--- !u!65 &7221157425767338664
BoxCollider:
  m_ObjectHideFlags: 0
  m_CorrespondingSourceObject: {fileID: 0}
  m_PrefabInstance: {fileID: 0}
  m_PrefabAsset: {fileID: 0}
  m_GameObject: {fileID: 7563757893246545909}
  m_Material: {fileID: 0}
  m_IsTrigger: 0
  m_Enabled: 1
  serializedVersion: 2
  m_Size: {x: 0.465, y: 1.86, z: 0.03}
  m_Center: {x: -0.225, y: 0, z: 0.015}
--- !u!114 &7221157425767338663
MonoBehaviour:
  m_ObjectHideFlags: 0
  m_CorrespondingSourceObject: {fileID: 0}
  m_PrefabInstance: {fileID: 0}
  m_PrefabAsset: {fileID: 0}
  m_GameObject: {fileID: 7563757893246545909}
  m_Enabled: 1
  m_EditorHideFlags: 0
  m_Script: {fileID: 11500000, guid: a15efa9ee19a0d7449f358f41a067b3e, type: 3}
  m_Name: 
  m_EditorClassIdentifier: 
  interactionsEnabled: 1
  sightIndicatorEnabled: 1
  textOnSight: Abrir/Cerrar Puerta
  interactionAudioClip: {fileID: 0}
  failedInteractionAudioClip: {fileID: 8300000, guid: 06bcc1fe0960ed14a9f93aff418100ec, type: 3}
  startOpen: 0
  isOpen: 0
  closedAngle: 0
  openedAngle: 85
  rotationSpeed: 4
  movementType: 0
  openAudioClip: {fileID: 8300000, guid: 7307ab45c321dd4498901a9bd23e3548, type: 3}
  closeAudioClip: {fileID: 8300000, guid: 46b6f8ab391d0b24b8550812315637c3, type: 3}
--- !u!1001 &7221157425846069285
PrefabInstance:
  m_ObjectHideFlags: 0
  serializedVersion: 2
  m_Modification:
    m_TransformParent: {fileID: 7186633493890064232}
    m_Modifications:
    - target: {fileID: 3342007976829692065, guid: 016bcd60fa143c14d97ee19e18035cc6, type: 3}
      propertyPath: m_Name
      value: SFXGameObject
      objectReference: {fileID: 0}
    - target: {fileID: 3342007976829692068, guid: 016bcd60fa143c14d97ee19e18035cc6, type: 3}
      propertyPath: m_RootOrder
      value: 1
      objectReference: {fileID: 0}
    - target: {fileID: 3342007976829692068, guid: 016bcd60fa143c14d97ee19e18035cc6, type: 3}
      propertyPath: m_LocalPosition.x
      value: 0
      objectReference: {fileID: 0}
    - target: {fileID: 3342007976829692068, guid: 016bcd60fa143c14d97ee19e18035cc6, type: 3}
      propertyPath: m_LocalPosition.y
      value: 0
      objectReference: {fileID: 0}
    - target: {fileID: 3342007976829692068, guid: 016bcd60fa143c14d97ee19e18035cc6, type: 3}
      propertyPath: m_LocalPosition.z
      value: 0
      objectReference: {fileID: 0}
    - target: {fileID: 3342007976829692068, guid: 016bcd60fa143c14d97ee19e18035cc6, type: 3}
      propertyPath: m_LocalRotation.w
      value: 1
      objectReference: {fileID: 0}
    - target: {fileID: 3342007976829692068, guid: 016bcd60fa143c14d97ee19e18035cc6, type: 3}
      propertyPath: m_LocalRotation.x
      value: 0
      objectReference: {fileID: 0}
    - target: {fileID: 3342007976829692068, guid: 016bcd60fa143c14d97ee19e18035cc6, type: 3}
      propertyPath: m_LocalRotation.y
      value: 0
      objectReference: {fileID: 0}
    - target: {fileID: 3342007976829692068, guid: 016bcd60fa143c14d97ee19e18035cc6, type: 3}
      propertyPath: m_LocalRotation.z
      value: 0
      objectReference: {fileID: 0}
    - target: {fileID: 3342007976829692068, guid: 016bcd60fa143c14d97ee19e18035cc6, type: 3}
      propertyPath: m_LocalEulerAnglesHint.x
      value: 0
      objectReference: {fileID: 0}
    - target: {fileID: 3342007976829692068, guid: 016bcd60fa143c14d97ee19e18035cc6, type: 3}
      propertyPath: m_LocalEulerAnglesHint.y
      value: 0
      objectReference: {fileID: 0}
    - target: {fileID: 3342007976829692068, guid: 016bcd60fa143c14d97ee19e18035cc6, type: 3}
      propertyPath: m_LocalEulerAnglesHint.z
      value: 0
      objectReference: {fileID: 0}
    m_RemovedComponents: []
  m_SourcePrefab: {fileID: 100100000, guid: 016bcd60fa143c14d97ee19e18035cc6, type: 3}
--- !u!1001 &7221157425942935683
PrefabInstance:
  m_ObjectHideFlags: 0
  serializedVersion: 2
  m_Modification:
    m_TransformParent: {fileID: 7186633494326783600}
    m_Modifications:
    - target: {fileID: -8679921383154817045, guid: b30b7ad1ed469284f9584748a6a1e646, type: 3}
      propertyPath: m_RootOrder
      value: 4
      objectReference: {fileID: 0}
    - target: {fileID: -8679921383154817045, guid: b30b7ad1ed469284f9584748a6a1e646, type: 3}
      propertyPath: m_LocalScale.x
      value: -1
      objectReference: {fileID: 0}
    - target: {fileID: -8679921383154817045, guid: b30b7ad1ed469284f9584748a6a1e646, type: 3}
      propertyPath: m_LocalPosition.x
      value: -0.96599984
      objectReference: {fileID: 0}
    - target: {fileID: -8679921383154817045, guid: b30b7ad1ed469284f9584748a6a1e646, type: 3}
      propertyPath: m_LocalPosition.y
      value: 0.042999983
      objectReference: {fileID: 0}
    - target: {fileID: -8679921383154817045, guid: b30b7ad1ed469284f9584748a6a1e646, type: 3}
      propertyPath: m_LocalPosition.z
      value: 0.5049796
      objectReference: {fileID: 0}
    - target: {fileID: -8679921383154817045, guid: b30b7ad1ed469284f9584748a6a1e646, type: 3}
      propertyPath: m_LocalRotation.w
      value: 1
      objectReference: {fileID: 0}
    - target: {fileID: -8679921383154817045, guid: b30b7ad1ed469284f9584748a6a1e646, type: 3}
      propertyPath: m_LocalRotation.x
      value: -0
      objectReference: {fileID: 0}
    - target: {fileID: -8679921383154817045, guid: b30b7ad1ed469284f9584748a6a1e646, type: 3}
      propertyPath: m_LocalRotation.y
      value: -0
      objectReference: {fileID: 0}
    - target: {fileID: -8679921383154817045, guid: b30b7ad1ed469284f9584748a6a1e646, type: 3}
      propertyPath: m_LocalRotation.z
      value: -0
      objectReference: {fileID: 0}
    - target: {fileID: -8679921383154817045, guid: b30b7ad1ed469284f9584748a6a1e646, type: 3}
      propertyPath: m_LocalEulerAnglesHint.x
      value: 0
      objectReference: {fileID: 0}
    - target: {fileID: -8679921383154817045, guid: b30b7ad1ed469284f9584748a6a1e646, type: 3}
      propertyPath: m_LocalEulerAnglesHint.y
      value: 0
      objectReference: {fileID: 0}
    - target: {fileID: -8679921383154817045, guid: b30b7ad1ed469284f9584748a6a1e646, type: 3}
      propertyPath: m_LocalEulerAnglesHint.z
      value: 0
      objectReference: {fileID: 0}
    - target: {fileID: -4509823143501964880, guid: b30b7ad1ed469284f9584748a6a1e646, type: 3}
      propertyPath: m_Materials.Array.data[0]
      value: 
      objectReference: {fileID: 2100000, guid: 98e60e2458c5d824f8d5f4528de1d12b, type: 2}
    - target: {fileID: 919132149155446097, guid: b30b7ad1ed469284f9584748a6a1e646, type: 3}
      propertyPath: m_Name
      value: HospitalFurniture2Door4
      objectReference: {fileID: 0}
    - target: {fileID: 919132149155446097, guid: b30b7ad1ed469284f9584748a6a1e646, type: 3}
      propertyPath: m_Layer
      value: 7
      objectReference: {fileID: 0}
    m_RemovedComponents: []
  m_SourcePrefab: {fileID: 100100000, guid: b30b7ad1ed469284f9584748a6a1e646, type: 3}
--- !u!4 &7186633493890064232 stripped
Transform:
  m_CorrespondingSourceObject: {fileID: -8679921383154817045, guid: b30b7ad1ed469284f9584748a6a1e646, type: 3}
  m_PrefabInstance: {fileID: 7221157425942935683}
  m_PrefabAsset: {fileID: 0}
--- !u!1 &7563757892483778002 stripped
GameObject:
  m_CorrespondingSourceObject: {fileID: 919132149155446097, guid: b30b7ad1ed469284f9584748a6a1e646, type: 3}
  m_PrefabInstance: {fileID: 7221157425942935683}
  m_PrefabAsset: {fileID: 0}
--- !u!65 &7221157425942935687
BoxCollider:
  m_ObjectHideFlags: 0
  m_CorrespondingSourceObject: {fileID: 0}
  m_PrefabInstance: {fileID: 0}
  m_PrefabAsset: {fileID: 0}
  m_GameObject: {fileID: 7563757892483778002}
  m_Material: {fileID: 0}
  m_IsTrigger: 0
  m_Enabled: 1
  serializedVersion: 2
  m_Size: {x: -0.465, y: 1.86, z: 0.03}
  m_Center: {x: -0.225, y: 0, z: 0.015}
--- !u!114 &7221157425942935686
MonoBehaviour:
  m_ObjectHideFlags: 0
  m_CorrespondingSourceObject: {fileID: 0}
  m_PrefabInstance: {fileID: 0}
  m_PrefabAsset: {fileID: 0}
  m_GameObject: {fileID: 7563757892483778002}
  m_Enabled: 1
  m_EditorHideFlags: 0
  m_Script: {fileID: 11500000, guid: a15efa9ee19a0d7449f358f41a067b3e, type: 3}
  m_Name: 
  m_EditorClassIdentifier: 
  interactionsEnabled: 1
  sightIndicatorEnabled: 1
  textOnSight: Abrir/Cerrar Puerta
  interactionAudioClip: {fileID: 0}
  failedInteractionAudioClip: {fileID: 8300000, guid: 06bcc1fe0960ed14a9f93aff418100ec, type: 3}
  startOpen: 0
  isOpen: 0
  closedAngle: 0
  openedAngle: -90
  rotationSpeed: 4
  movementType: 0
  openAudioClip: {fileID: 8300000, guid: 7307ab45c321dd4498901a9bd23e3548, type: 3}
  closeAudioClip: {fileID: 8300000, guid: 46b6f8ab391d0b24b8550812315637c3, type: 3}
--- !u!1001 &7221157426043710028
PrefabInstance:
  m_ObjectHideFlags: 0
  serializedVersion: 2
  m_Modification:
    m_TransformParent: {fileID: 7186633494276038814}
    m_Modifications:
    - target: {fileID: 3342007976829692065, guid: 016bcd60fa143c14d97ee19e18035cc6, type: 3}
      propertyPath: m_Name
      value: SFXGameObject
      objectReference: {fileID: 0}
    - target: {fileID: 3342007976829692068, guid: 016bcd60fa143c14d97ee19e18035cc6, type: 3}
      propertyPath: m_RootOrder
      value: 1
      objectReference: {fileID: 0}
    - target: {fileID: 3342007976829692068, guid: 016bcd60fa143c14d97ee19e18035cc6, type: 3}
      propertyPath: m_LocalPosition.x
      value: 0
      objectReference: {fileID: 0}
    - target: {fileID: 3342007976829692068, guid: 016bcd60fa143c14d97ee19e18035cc6, type: 3}
      propertyPath: m_LocalPosition.y
      value: 0
      objectReference: {fileID: 0}
    - target: {fileID: 3342007976829692068, guid: 016bcd60fa143c14d97ee19e18035cc6, type: 3}
      propertyPath: m_LocalPosition.z
      value: 0
      objectReference: {fileID: 0}
    - target: {fileID: 3342007976829692068, guid: 016bcd60fa143c14d97ee19e18035cc6, type: 3}
      propertyPath: m_LocalRotation.w
      value: 1
      objectReference: {fileID: 0}
    - target: {fileID: 3342007976829692068, guid: 016bcd60fa143c14d97ee19e18035cc6, type: 3}
      propertyPath: m_LocalRotation.x
      value: 0
      objectReference: {fileID: 0}
    - target: {fileID: 3342007976829692068, guid: 016bcd60fa143c14d97ee19e18035cc6, type: 3}
      propertyPath: m_LocalRotation.y
      value: 0
      objectReference: {fileID: 0}
    - target: {fileID: 3342007976829692068, guid: 016bcd60fa143c14d97ee19e18035cc6, type: 3}
      propertyPath: m_LocalRotation.z
      value: 0
      objectReference: {fileID: 0}
    - target: {fileID: 3342007976829692068, guid: 016bcd60fa143c14d97ee19e18035cc6, type: 3}
      propertyPath: m_LocalEulerAnglesHint.x
      value: 0
      objectReference: {fileID: 0}
    - target: {fileID: 3342007976829692068, guid: 016bcd60fa143c14d97ee19e18035cc6, type: 3}
      propertyPath: m_LocalEulerAnglesHint.y
      value: 0
      objectReference: {fileID: 0}
    - target: {fileID: 3342007976829692068, guid: 016bcd60fa143c14d97ee19e18035cc6, type: 3}
      propertyPath: m_LocalEulerAnglesHint.z
      value: 0
      objectReference: {fileID: 0}
    m_RemovedComponents: []
  m_SourcePrefab: {fileID: 100100000, guid: 016bcd60fa143c14d97ee19e18035cc6, type: 3}
--- !u!1001 &7221157426185242826
PrefabInstance:
  m_ObjectHideFlags: 0
  serializedVersion: 2
  m_Modification:
    m_TransformParent: {fileID: 7186633495040128782}
    m_Modifications:
    - target: {fileID: 3342007976829692065, guid: 016bcd60fa143c14d97ee19e18035cc6, type: 3}
      propertyPath: m_Name
      value: SFXGameObject
      objectReference: {fileID: 0}
    - target: {fileID: 3342007976829692068, guid: 016bcd60fa143c14d97ee19e18035cc6, type: 3}
      propertyPath: m_RootOrder
      value: 1
      objectReference: {fileID: 0}
    - target: {fileID: 3342007976829692068, guid: 016bcd60fa143c14d97ee19e18035cc6, type: 3}
      propertyPath: m_LocalPosition.x
      value: 0
      objectReference: {fileID: 0}
    - target: {fileID: 3342007976829692068, guid: 016bcd60fa143c14d97ee19e18035cc6, type: 3}
      propertyPath: m_LocalPosition.y
      value: 0
      objectReference: {fileID: 0}
    - target: {fileID: 3342007976829692068, guid: 016bcd60fa143c14d97ee19e18035cc6, type: 3}
      propertyPath: m_LocalPosition.z
      value: 0
      objectReference: {fileID: 0}
    - target: {fileID: 3342007976829692068, guid: 016bcd60fa143c14d97ee19e18035cc6, type: 3}
      propertyPath: m_LocalRotation.w
      value: 1
      objectReference: {fileID: 0}
    - target: {fileID: 3342007976829692068, guid: 016bcd60fa143c14d97ee19e18035cc6, type: 3}
      propertyPath: m_LocalRotation.x
      value: 0
      objectReference: {fileID: 0}
    - target: {fileID: 3342007976829692068, guid: 016bcd60fa143c14d97ee19e18035cc6, type: 3}
      propertyPath: m_LocalRotation.y
      value: 0
      objectReference: {fileID: 0}
    - target: {fileID: 3342007976829692068, guid: 016bcd60fa143c14d97ee19e18035cc6, type: 3}
      propertyPath: m_LocalRotation.z
      value: 0
      objectReference: {fileID: 0}
    - target: {fileID: 3342007976829692068, guid: 016bcd60fa143c14d97ee19e18035cc6, type: 3}
      propertyPath: m_LocalEulerAnglesHint.x
      value: 0
      objectReference: {fileID: 0}
    - target: {fileID: 3342007976829692068, guid: 016bcd60fa143c14d97ee19e18035cc6, type: 3}
      propertyPath: m_LocalEulerAnglesHint.y
      value: 0
      objectReference: {fileID: 0}
    - target: {fileID: 3342007976829692068, guid: 016bcd60fa143c14d97ee19e18035cc6, type: 3}
      propertyPath: m_LocalEulerAnglesHint.z
      value: 0
      objectReference: {fileID: 0}
    m_RemovedComponents: []
  m_SourcePrefab: {fileID: 100100000, guid: 016bcd60fa143c14d97ee19e18035cc6, type: 3}
